1939 3197
159 135 263 188 100
774 126 895 171 ODE
927 124 1007 180 HI,
1043 127 1098 166 14
1131 123 1179 166 et
1212 123 1280 164 15.

158 273 385 339 factum,
423 272 485 322 ut
525 262 863 319 contumeliis
902 257 1228 312 fastidientis
1267 254 1477 323 puellae
1517 269 1631 303 non
1661 249 1855 301 irasca-

160 350 275 415 tur,
330 343 471 413 quod
527 342 706 409 ipsum
759 334 956 388 iniuria
1019 329 1309 385 senectutis
1371 327 1488 379 fieri
1525 321 1858 394 ingemescit.

161 420 326 473 lenit
380 417 714 470 albescens
772 409 1022 463 animos
1063 404 1340 474 capillus
1380 402 1413 453 l.
1453 403 1515 453 et
1553 418 1593 451 r.
1634 416 1675 450 c.
1714 414 1859 466 pro-

163 499 398 547 teruae.
478 488 667 555 animi,
720 484 918 554 inquit⁷
972 482 1229 534 iuuenum
1285 476 1376 545 qui
1413 474 1592 527 litium
1632 475 1686 525 et
1723 471 1859 523 rixa-

119 583 140 616 5
165 586 286 621 rum
338 567 396 618 in
452 564 766 630 contemptu
821 556 1019 610 amoris
1068 552 1247 622 cupidi
1287 552 1436 616 sunt,
1493 546 1648 600 senili
1687 547 1862 597 aetate

163 642 455 696 leniuntur.
570 637 638 689 28
682 632 942 687 consule
974 629 1230 681 Planco.
1287 623 1556 693 significat
1581 639 1636 673 se
1660 619 1862 671 Planco

445 712 843 765 adulescentem
889 705 1056 758 fuisse
1066 746 1079 772 7
1133 699 1294 753 irasci
1332 694 1743 750 intolerabiliter
1783 711 1864 745 so-

0 716 809 946 ffiffiffldimmr‘

0 943 49 1000 Q
91 964 451 1064 NORWffH
504 968 561 1021 Α
809 1005 818 1013 .
872 910 993 955 oDE
1032 911 1176 1009 3115.
1386 991 1397 1009 ‚
1455 990 1466 1008 x
1617 993 1626 1001 ἢ
1673 991 1682 1000 .
1819 989 1828 998 .

0 1050 39 1104 ἢ
110 1045 151 1076 10
383 1012 518 1063 xo'r·
600 1023 860 1075 auperis
914 1002 1109 1070 Ibyci.
1186 998 1318 1049 haec
1360 995 1476 1067 ῳὸη
1527 992 1777 1045 scribitur
1814 1007 1874 1040 in

592 1081 747 1134 cham
804 1082 856 1130 et
909 1074 1254 1127 luxuriosam.
1369 1071 1402 1122 2
1457 1067 1713 1120 tandem
1767 1081 1873 1116 ne-

567 1174 593 1208 e
635 1154 886 1207 modum
923 1153 1085 1202 tuae.
1164 1144 1493 1213 nequitiae
1534 1158 1679 1193 nunc
1712 1137 1875 1190 ecalli-

530 1226 795 1295 naliffiae',
862 1243 975 1276 non
1021 1225 1082 1274 ut
1141 1220 1269 1272 olim
1319 1235 1552 1286 nequam
1603 1213 1878 1266 dicebatur

440 1324 500 1359 ac
525 1303 697 1356 nihili.
812 1299 845 1352 5
886 1299 1056 1350 inter
1102 1294 1322 1346 ludere
1362 1290 1669 1360 uirgines,
1748 1285 1878 1338 ordo

118 1414 162 1447 25
186 1389 239 1437 et
279 1400 466 1436 sensus
507 1383 609 1432 est:
675 1375 857 1429 desine
911 1373 1054 1424 inter
1101 1368 1340 1437 uirgines
1387 1365 1595 1431 ludere,
1649 1379 1769 1414 cum
1810 1359 1881 1411 sis

184 1458 365 1511 funeri
402 1454 638 1525 propior.
753 1450 785 1502 6
842 1451 902 1500 et
957 1444 1169 1498 stellis
1224 1441 1524 1493 nebulam
1579 1451 1884 1505 spargere

188 1530 494 1586 candidis.
611 1526 801 1577 decens
866 1519 1136 1589 allegoria.
1238 1516 1314 1567 ait
1375 1513 1541 1565 enim:
1604 1513 1666 1562 ut
1729 1509 1886 1561 decor

191 1607 467 1660 stellarum
506 1600 693 1653 nubilo
733 1597 1057 1660 infuscatur,
1097 1592 1171 1644 sic
1209 1592 1243 1654 †
1284 1588 1585 1640 adnitorem
1623 1583 1741 1635 fieri
1779 1581 1889 1633 uir-

193 1682 372 1751 ginem
389 1678 700 1730 interuentu
729 1676 825 1724 tuo
842 1673 1050 1738 turpeS,
1090 1666 1287 1734 quippe
1313 1681 1435 1714 cum
1476 1660 1547 1712 sis
1581 1660 1757 1710 aetate
1779 1655 1890 1707 iam

130 1786 172 1818 20
198 1754 395 1808 adtrita
436 1754 489 1804 et
529 1747 798 1801 deformis,
952 1743 983 1795 8
1047 1739 1194 1792 filia
1255 1737 1498 1789 rectius
1562 1726 1892 1800 expugnat

195 1831 499 1882 iuuenum
540 1824 757 1876 domus
797 1819 982 1888 pulsa
1015 1814 1259 1882 Thyias
1298 1811 1394 1863 uti
1434 1807 1691 1862 concita
1728 1807 1893 1872 tym-

198 1921 378 1973 pano,
477 1899 566 1951 hic
623 1896 786 1948 etiam
839 1892 1008 1944 filiam
1064 1889 1177 1941 eius
1229 1883 1466 1939 ostendit
1504 1882 1740 1934 uirosam
1780 1894 1894 1929 esse

203 1981 257 2030 et
296 1994 391 2045 per
429 1972 709 2025 libidinem
748 1966 973 2019 nimiam
1019 1964 1097 2015 ita
1134 1962 1193 2013 in
1230 1960 1469 2012 furorem
1510 1953 1777 2024 quendam
1815 1951 1895 2002 in-

203 2050 373 2118 citari,
411 2051 472 2100 ut
509 2045 755 2098 Bacchae
798 2041 972 2094 solent
1009 2038 1170 2107 pulsu
1208 2032 1458 2103 tympani
1499 2029 1696 2082 audito.

138 2126 275 2191 2513
339 2128 399 2176 te
453 2122 640 2173 lanae
695 2133 892 2186 prope
946 2111 1230 2165 nobilem
1276 2110 1502 2160 tonsae
1542 2100 1902 2166 Luceriam,

207 2216 336 2252 non
383 2196 674 2249 citharae
724 2191 964 2242 decent.
1039 2183 1266 2237 Luceria
1319 2181 1447 2234 urbs
1489 2180 1570 2230 est
1607 2177 1666 2228 in
1703 2173 1904 2243 Apulia

210 2277 264 2326 et
301 2273 361 2323 in
379 2269 614 2323 Samnio.
655 2260 766 2318 κατ’
809 2258 1005 2331 ἐξοχὴν
1045 2262 1225 2312 autem
1263 2274 1360 2325 pro
1389 2252 1629 2324 qualibet
1651 2250 1778 2301 lana
1799 2247 1904 2299 hoc

210 2347 463 2417 positum.
603 2339 669 2394 16
740 2356 854 2390 nec
915 2335 1053 2404 poti
1118 2331 1398 2385 uetulam
1465 2328 1642 2379 faece
1718 2325 1906 2373 tenus

214 2420 371 2474 cadi.
446 2435 560 2469 non
611 2415 762 2466 decet
812 2414 1043 2463 aetatem
1089 2410 1262 2473 tuam,
1324 2401 1521 2470 inquit,
1559 2399 1618 2450 in
1658 2394 1907 2449 conuiuio

343 2600 365 2638 1
399 2589 695 2637 contumeliis
727 2600 831 2632 nos:
887 2583 1190 2629 contumelias
1225 2580 1305 2635 M,
1344 2579 1395 2622 in
1427 2573 1732 2620 contumelias
1765 2587 1794 2627 ς

220 2655 454 2699 fastientis
488 2651 550 2695 M
713 2653 738 2691 2
785 2659 1004 2690 iniuriam
1037 2642 1100 2685 M
1232 2645 1256 2683 3
1289 2654 1324 2682 r.
1359 2652 1417 2682 c.:
1450 2650 1512 2680 re.
1548 2635 1610 2678 M
1749 2637 1777 2675 4
1817 2643 1912 2673 am-

222 2728 325 2759 mae
361 2713 423 2756 M
564 2714 589 2752 5
631 2707 897 2761 contempto
933 2704 995 2746 M
1145 2705 1168 2744 7
1209 2697 1517 2742 tolerabiliter
1550 2694 1613 2737 M
1730 2697 1756 2735 8
1788 2690 1916 2733 fasti-

230 2774 416 2818 deretur
450 2770 512 2813 M
633 2772 687 2810 10
720 2767 846 2823 ybici
879 2764 941 2807 M
1068 2765 1120 2803 11
1155 2758 1374 2815 mycham
1405 2756 1442 2799 δε
1472 2755 1751 2798 luxoriosam
1784 2749 1846 2792 M

231 2838 286 2876 14
316 2831 514 2887 ignabus
548 2827 610 2871 M
739 2830 793 2869 16
824 2835 1037 2879 proprior
1069 2820 1132 2863 M
1251 2822 1305 2861 18
1339 2816 1398 2859 ad
1430 2828 1484 2859 ex
1515 2828 1570 2857 ac
1602 2825 1715 2856 corr.
1749 2813 1790 2853 et
1814 2810 1916 2864 post

228 2891 329 2934 fieri
359 2904 450 2934 ras.
487 2888 549 2931 M
554 2904 570 2940 ;
625 2886 688 2930 sic
729 2884 788 2927 ad
840 2883 1040 2925 nitorem
1093 2878 1211 2921 fiunt
1263 2875 1467 2931 uirgines
1519 2870 1787 2916 interuentu
1837 2868 1916 2910 tuo

228 2952 417 3005 turpes?
568 2950 622 2989 21
663 2943 809 2988 thrias
843 2942 904 2985 M
1053 2943 1109 2981 24
1147 2936 1295 2994 bache
1330 2935 1393 2978 M
1539 2936 1594 2975 26
1635 2928 1826 2986 cythare
1861 2925 1916 2968 M

374 3013 427 3051 27
486 3007 534 3049 et
571 3006 620 3049 in
661 3001 849 3048 Samnio
889 2999 1078 3044 delenda
1123 2996 1340 3040 uidentur
1387 3007 1486 3037 cum
1526 3005 1555 3046 ς
1720 2991 1774 3031 27
1824 2985 1915 3029 cat-

233 3067 438 3111 exochen
470 3065 533 3108 M
651 3068 706 3107 28
740 3060 897 3106 uetula
929 3059 992 3102 M
