1939 3197
752 86 870 132 ODE
903 88 936 144 I,
972 92 1010 131 1.
1696 97 1729 150 3

42 223 236 291 colere,
285 239 579 291 numquam
626 221 940 274 sollicitetur
979 223 1046 274 ad
1084 223 1473 293 nauigandum,
1522 227 1732 279 etiamsi

42 297 220 366 regias
275 313 402 364 opes
455 296 765 363 promittaS‚
819 297 881 347 ut
932 296 1036 349 hoc
1090 296 1263 349 faciat.
1361 299 1427 351 13
1483 297 1731 368 Cyprea

41 370 223 423 trabe
262 387 383 438 pro:
425 386 585 437 cypro
626 369 957 437 abundante3
1000 371 1205 439 cypreis
1246 371 1390 424 enim
1429 372 1596 426 clauis
1636 392 1730 426 na-

41 460 134 495 ues
173 443 426 512 figuntur.
538 443 605 495 16
645 445 961 495 mercator
999 462 1067 496 m.
1109 461 1153 496 ο.
1195 462 1236 497 e.
1277 463 1323 498 o.
1363 446 1396 499 l.
1436 465 1477 500 r.
1511 465 1551 499 s.
1585 466 1627 499 r.
1660 466 1732 501 m.

40 535 82 568 r.
121 535 161 568 r.
202 535 249 585 q.
326 534 515 569 sensus
571 519 682 569 est:
741 519 1006 569 mercator
1068 536 1188 570 cum
1241 521 1618 588 tempestatem
1671 522 1729 574 in
1754 541 1773 574 5

41 590 178 642 mari
214 591 431 658 patitur,
471 589 724 642 abhorret
760 591 1018 659 nauigare
1059 595 1112 643 et
1152 595 1302 660 optat
1334 594 1442 645 iam
1472 595 1728 648 rusticam

41 664 209 715 uitam
255 663 313 715 in
360 664 536 732 patria
583 682 680 716 sua
719 664 913 732 colere3
960 682 1086 717 mox
1123 666 1216 717 ubi
1256 668 1486 719 euaserit
1523 669 1728 736 pericu-

40 737 166 805 lum,
199 738 423 790 eandem
455 739 624 789 uitam
654 738 871 806 repetit3
910 756 1007 806 per
1039 739 1181 808 quod
1212 740 1420 810 colligit
1457 742 1729 795 neminem

37 829 196 879 posse
236 811 437 880 aliquid
485 829 665 881 agere,
719 830 880 880 quam
935 813 1077 881 quod
1132 815 1414 867 consuerit.
1518 815 1583 867 19
1632 819 1730 868 est

39 885 143 953 qui
198 903 310 937 nec
356 905 405 937 u.
451 904 503 953 p.
541 884 613 937 M.
663 885 816 938 ordo:
881 889 962 938 est
1018 887 1110 955 qui
1155 904 1253 939 nec
1305 889 1522 956 spernit.
1601 889 1729 942 dicit
1753 910 1794 942 ιο

41 961 220 1011 autem
261 959 393 1011 alios
433 960 547 1011 uita
585 959 812 1012 lautiore
853 959 1118 1012 delectari.
1217 961 1289 1014 22
1330 962 1405 1014 ad
1446 980 1646 1032 aquae
1685 982 1727 1017 c.

36 1032 92 1084 id
131 1035 232 1085 est:
273 1033 414 1102 apud
444 1033 675 1101 fontem3
718 1051 902 1086 omnes
935 1037 1115 1086 autem
1145 1034 1324 1088 fontes
1359 1037 1496 1088 sacri
1527 1036 1732 1089 haben·

35 1108 145 1174 tur,
199 1109 253 1159 et
297 1107 415 1159 ideo
471 1110 631 1175 caput
686 1125 867 1160 sacrae
922 1126 1091 1178 aquae
1147 1109 1237 1161 ait.
1388 1110 1460 1163 25
1514 1114 1728 1163 manet

37 1181 151 1233 sub
190 1179 340 1233 Ioue
378 1180 621 1250 frigido
662 1199 724 1233 ac
762 1200 859 1250 per
896 1181 999 1234 hoc
1041 1182 1166 1234 esub
1207 1183 1390 1236 caelo’.
1467 1184 1595 1237 dicit
1635 1203 1725 1236 au-

35 1256 145 1307 tem
193 1255 327 1307 alios
375 1255 550 1307 studio
597 1255 831 1307 uenandi
876 1256 1190 1325 plerumque
1235 1257 1294 1308 in
1343 1258 1493 1310 siluis
1532 1276 1723 1326 perno-
1748 1277 1790 1311 15

38 1330 197 1381 ctare.
297 1329 365 1380 27
414 1327 644 1380 fideles
693 1330 943 1382 catulos
992 1330 1182 1382 melius
1232 1331 1553 1400 generaliter
1592 1333 1724 1386 acci-

34 1402 236 1470 pimus,
284 1421 444 1471 quam
490 1405 552 1454 ut
598 1403 874 1455 uenationi
912 1405 1126 1456 tantum
1166 1422 1256 1456 eos
1295 1405 1479 1457 fideles
1519 1406 1723 1458 intelle-

34 1491 240 1545 gamus
300 1493 427 1528 nam
460 1478 513 1527 et
550 1474 888 1529 Lucretius
930 1475 1111 1529 eFida
1149 1495 1372 1530 canum
1411 1477 1536 1530 uis'
1577 1479 1723 1533 dixit.

35 1566 161 1619 ergo
211 1549 353 1619 quod
399 1567 606 1618 semper
653 1550 883 1602 dominis
929 1550 1111 1603 fideles
1160 1554 1286 1603 sunt
1331 1553 1722 1622 intellegamus,

34 1623 104 1675 29
145 1641 238 1675 me
277 1624 606 1676 doctarum
644 1623 696 1676 h.
728 1643 777 1692 p.
810 1624 846 1677 f.
878 1625 1118 1693 praemia
1151 1625 1429 1679 doctarum
1460 1627 1721 1680 frontium
1742 1649 1786 1681 20

5 1696 258 1761 ,hederas
321 1698 426 1766 ait,
490 1698 614 1767 quia
667 1698 751 1750 his
812 1701 1003 1766 poetae
1058 1702 1398 1752 coronantur.
1475 1701 1614 1753 unde
1670 1704 1722 1753 et

33 1769 366 1841 Uergilius
407 1772 503 1823 ait:
543 1771 751 1841 Atque
783 1773 946 1826 hanc
981 1773 1116 1825 sine
1155 1776 1445 1843 tempora
1485 1775 1721 1828 circum

20 1843 211 1898 ‘Inter
248 1845 552 1899 uictrices
592 1846 886 1898 hederam
928 1847 1055 1899 tibi
1096 1865 1347 1916 serpere
1387 1849 1622 1901 laurus

33 1919 102 1971 31
143 1918 645 1989 Nymfarumque
684 1921 862 1973 leues
903 1938 1039 1973 cum
1079 1940 1120 1973 s.
1159 1940 1200 1974 c.
1239 1939 1336 1990 per
1375 1940 1436 1975 ea
1477 1941 1532 1975 se
1573 1941 1720 1992 egre-

31 1993 178 2063 giam
231 1994 460 2063 gloriam
514 1994 642 2047 dicit
695 1995 972 2064 consequi,
1027 1995 1091 2047 de
1147 1996 1338 2064 quibus
1387 1997 1553 2064 canit3
1608 1997 1719 2049 fere
1743 2017 1786 2051 25

32 2067 176 2119 enim
213 2067 378 2135 lyrico
419 2068 644 2120 carmini
682 2069 906 2120 materia
946 2069 1010 2120 de
1042 2069 1351 2121 nemoribus
1387 2087 1447 2122 ac
1478 2070 1719 2123 fontibus

34 2142 116 2192 est
155 2142 210 2192 et
249 2141 294 2192 si
334 2159 439 2209 qua
479 2144 604 2193 sunt
641 2141 726 2193 his
768 2141 964 2194 similia
1011 2145 1106 2194 aut
1149 2143 1408 2212 proxima.
1507 2144 1578 2197 32
1626 2162 1718 2196 se-

31 2216 303 2267 cernunt
346 2215 582 2283 populo
629 2215 684 2267 id
730 2218 833 2267 est:
882 2215 946 2268 de
993 2233 1153 2286 grege
1200 2217 1351 2286 uulgi
1398 2218 1618 2286 tollunt,
1659 2237 1718 2271 ac

29 2305 125 2356 per
170 2288 297 2340 hoc:
354 2289 638 2341 sublimem
683 2288 904 2342 faciunt.
1004 2290 1074 2342 33
1114 2289 1400 2359 Euterpe
1440 2291 1716 2344 cohibet.

28 2364 90 2414 ut
128 2362 173 2414 si
212 2362 430 2415 diceret:
471 2363 518 2415 si
553 2366 738 2416 tamen
775 2362 962 2416 Musae
992 2383 1105 2417 non
1137 2364 1407 2434 denegant
1437 2366 1571 2417 mihi
1610 2369 1716 2419 stu·
1735 2387 1778 2419 30

29 2435 177 2488 dium
216 2438 402 2488 cantus
444 2437 541 2489 sui.
619 2437 691 2490 34
729 2436 1046 2490 Lesboum
1085 2438 1402 2493 barbiton.
1464 2439 1715 2492 barbiton

149 2614 203 2654 18
233 2610 368 2656 Lucr.
402 2617 441 2668 6,
477 2617 588 2657 1222
711 2619 765 2658 22
798 2614 907 2657 Buc.
940 2618 981 2670 8,
1017 2619 1069 2657 12

146 2762 173 2801 3
206 2772 337 2815 cypri
367 2774 407 2802 1s
442 2760 504 2803 M
642 2775 784 2818 cupro
817 2797 827 2807 .
862 2797 871 2807 .
906 2761 1078 2819 cupi-iis
1112 2777 1140 2817 ς
1284 2767 1309 2805 9
1344 2761 1523 2817 ahquid
1557 2762 1619 2805 M
1654 2761 1711 2805 cf.

27 2815 137 2860 Tac.
171 2817 289 2862 Ann.
325 2822 363 2874 1,
395 2823 444 2862 4:
478 2818 607 2864 aliud
637 2820 749 2876 quid
784 2820 940 2878 Pauly
1072 2826 1127 2864 14
1157 2819 1311 2877 fngid.
1346 2820 1411 2863 M
1540 2825 1596 2866 20
1629 2820 1712 2864 du-

27 2876 206 2919 ctarum
239 2876 304 2920 M
331 2877 400 2921 bis
518 2883 574 2922 23
606 2879 803 2924 hederas
836 2916 845 2925 .
880 2916 889 2924 .
922 2880 1107 2923 laurum
1141 2880 1204 2923 M
1321 2884 1378 2924 24
1409 2892 1514 2924 cum
1545 2892 1629 2924 om.
1654 2879 1717 2923 M

123 2946 186 2978 ea
217 2948 265 2979 se
302 2949 408 2980 nos:
453 2950 532 2982 eas
565 2938 629 2981 M
737 2944 792 2983 29
827 2939 1089 2993 subhmem,
1121 2953 1195 2983 em
1226 2952 1280 2983 ex
1313 2952 1370 2983 en
1401 2951 1532 2993 corr„
1566 2938 1629 2982 M

26 2992 272 3038 cohibente
305 2995 368 3039 M
484 3002 539 3041 31
571 2997 814 3042 barbitton
841 2999 1020 3055 (prius)
1053 2998 1117 3041 M

1298 3078 1321 3117 1
1334 3075 1358 3101 *
