1939 3197
173 125 279 178 332
655 124 969 169 EPISTULA
1001 123 1058 180 Π,
1091 129 1132 181 2,
1166 127 1354 168 57-74.

173 281 218 314 a.
258 282 308 331 p.
350 281 391 315 c.
434 282 477 316 a.
540 261 899 332 Uergilius:
943 261 1168 315 Omnia
1206 263 1337 315 fert
1369 264 1548 316 aetas
1583 263 1863 316 animum

172 355 439 407 quoque.
533 340 587 389 et
633 341 714 389 est
770 337 875 389 alia
930 355 1092 390 causa
1147 338 1506 390 excusationis
1559 337 1618 389 in
1673 340 1864 407 aetate,

171 430 264 464 cur
302 412 411 464 iam
451 430 564 464 non
590 411 805 464 scribat.
907 411 975 464 57
1019 412 1167 480 quid
1206 412 1440 464 faciam
1479 412 1578 464 uis
1619 412 1666 464 d.
1720 430 1864 464 nunc

172 486 342 538 deest:
381 486 486 538 nisi
526 489 587 538 ut
625 504 738 539 non
779 486 1007 538 scribam
1054 489 1321 555 poemata.
1473 486 1542 540 58
1592 486 1864 555 denique

127 578 299 613 5non
348 578 563 612 omnes
612 579 653 612 e.
702 579 769 612 m.
820 579 864 612 a.
913 580 961 629 q.
1048 561 1153 613 alia
1204 579 1365 614 causa
1413 579 1529 613 non
1583 560 1865 626 scribendi,

174 634 299 703 quia
339 634 467 703 quid
508 635 733 687 scribam
777 635 1121 704 potissimum
1170 635 1350 687 nescio
1397 637 1683 704 propterea
1723 635 1866 704 quod

171 727 283 761 non
322 709 464 760 idem
505 709 753 762 omnibus
778 710 968 778 placet.
1062 710 1132 762 60
1172 709 1282 761 ille
1321 708 1587 762 Bioneis
1629 728 1667 761 s,
1721 708 1866 763 Bion

171 782 557 851 Aristophanis
607 784 797 836 comici
843 787 998 852 pater
1045 784 1239 836 dicitur
1284 783 1453 836 fuisse
1507 801 1738 853 magnae
1790 784 1866 836 di-

174 858 433 926 cacitatis,
474 876 634 926 quam
674 859 793 910 uult
831 858 1075 928 intellegi
1123 859 1185 910 de
1232 859 1390 928 nigro
1440 858 1563 911 sale.
1650 877 1721 910 an
1767 857 1865 910 ‘ni-

107 953 149 985 10
176 931 351 1001 grum'
387 932 589 984 malum
621 932 1001 1002 intellegimus,
1042 931 1284 985 ‘salsum'
1318 935 1499 985 autem
1535 933 1772 984 facetum
1812 936 1866 985 et

170 1006 524 1058 iocularium‘?
618 1007 687 1059 63
727 1007 945 1059 renuis
985 1010 1053 1059 tu
1095 1007 1259 1075 quod
1291 1007 1468 1059 iubet
1500 1007 1678 1059 alter.
1732 1007 1867 1059 mire

170 1081 278 1131 iam
320 1081 613 1133 dramatico
656 1081 962 1133 charactere
1002 1084 1280 1149 tamquam
1321 1081 1387 1132 ad
1425 1081 1573 1148 ipsos
1607 1081 1865 1133 conuiuas

170 1154 410 1222 loquitur
448 1173 617 1206 unum
658 1173 920 1223 quemque
962 1173 1146 1207 eorum
1172 1155 1450 1223 appellans
1474 1154 1529 1206 id
1553 1157 1867 1223 poscentem

172 1228 312 1296 quod
353 1229 541 1281 ceteris
582 1229 842 1297 displicet.
980 1228 1050 1281 65
1089 1232 1346 1297 praeter
1394 1231 1660 1281 caetera.
1761 1229 1867 1282 alia

107 1325 148 1356 15
174 1320 334 1354 causa
381 1321 494 1355 non
543 1303 834 1371 scribendi,
884 1304 1027 1372 quod
1073 1303 1278 1356 Romae
1323 1305 1382 1355 m
1422 1303 1866 1372 occupationibus

172 1376 308 1428 nihil
357 1377 685 1447 condignum
731 1378 990 1430 memoria
1040 1378 1200 1430 scribi
1245 1381 1440 1447 potest.
1580 1377 1649 1430 66
1697 1378 1868 1430 inter

170 1455 269 1503 tot
320 1469 501 1504 curas
558 1471 606 1520 q.
653 1453 684 1503 l.
777 1452 881 1504 hoc
937 1452 1209 1520 est-quod
1257 1452 1391 1504 dixit
1436 1451 1756 1504 Romaene
1810 1452 1866 1504 id

172 1529 273 1577 est:
322 1525 380 1577 in
428 1544 533 1594 qua
580 1526 712 1578 urbe
752 1529 836 1579 tot
876 1544 1032 1578 curae
1075 1529 1201 1579 sunt
1241 1529 1294 1578 et
1331 1529 1415 1579 tot
1452 1526 1679 1579 labores,
1795 1527 1864 1579 67

172 1617 476 1668 sponsum
515 1603 706 1653 uocat
744 1600 848 1653 hoc
890 1604 992 1653 est:
1034 1603 1095 1652 ut
1133 1619 1231 1669 pro
1275 1619 1329 1653 se
1370 1600 1678 1669 spondeam.
1795 1601 1865 1654 68

103 1697 146 1728 20
173 1674 384 1726 cubat:
427 1677 688 1744 aegrotat.
791 1676 860 1727 70
892 1675 1244 1727 interualla
1283 1675 1462 1727 uides
1494 1675 1547 1727 h.
1585 1693 1626 1727 c.
1676 1675 1868 1745 ironia,

169 1766 265 1815 per
313 1766 475 1816 quam
523 1749 759 1801 ostendit
807 1751 1013 1817 [quam]
1073 1748 1439 1801 euehementer
1494 1767 1609 1801 esse
1663 1749 1866 1802 incom-

170 1821 349 1874 moda'
389 1823 447 1874 id
488 1831 562 1875 est
607 1822 729 1875 ‘non
782 1823 1123 1875 mediocriter
1175 1822 1418 1892 magna’3
1473 1841 1601 1874 nam
1656 1823 1866 1892 antiqui

170 1915 269 1965 pro
310 1914 509 1966 magno
553 1897 895 1949 commodum
936 1897 1199 1949 dicebant.
1303 1898 1372 1950 70
1410 1915 1630 1949 uerum
1668 1916 1865 1965 purae

173 1974 335 2023 sunt.
421 1971 811 2041 interrogatiue
862 1971 1340 2040 pronuntiandum.
1481 1971 1548 2023 72
1587 1970 1867 2024 festinat

104 2068 146 2100 25
173 2045 434 2097 calidus,
512 2045 752 2115 festinat,
790 2045 982 2114 inquit,
1020 2063 1282 2114 properus
1322 2045 1628 2114 redemptor
1668 2048 1722 2097 et
1752 2064 1865 2097 mu-

170 2119 251 2172 los
292 2137 459 2189 agens
493 2123 546 2172 et
586 2119 938 2172 sarcinarium
980 2120 1046 2171 ad
1085 2120 1321 2173 rhedam.
1394 2119 1743 2189 [gerulisque]
1783 2138 1864 2172 re-

172 2193 507 2261 demptorem
532 2197 711 2247 autem
739 2212 925 2247 cursus
949 2194 1152 2262 publici
1177 2194 1449 2264 significat
1473 2196 1526 2245 et
1550 2193 1864 2246 animalium

171 2268 614 2336 praebendorum.
705 2267 1081 2321 Sallustius:
1121 2267 1203 2320 Et
1248 2267 1648 2337 Perpennam
1693 2267 1866 2320 forte

171 2342 510 2411 cognoscit
580 2343 775 2395 mulio
846 2342 1293 2410 redemptoris.
1464 2343 1531 2395 73
1602 2345 1864 2411 torquet

102 2432 144 2463 30
171 2434 338 2468 nunc
377 2416 668 2485 lapidem.
745 2419 1030 2486 torquet:
1071 2420 1256 2470 mouet
1293 2417 1462 2469 trahit
1500 2417 1588 2468 uel
1619 2416 1864 2468 sustinet.

323 2491 392 2542 74
431 2491 657 2543 tristia
695 2491 1001 2543 robustis.
1054 2491 1180 2543 hinc
1220 2492 1523 2559 plaustrum
1546 2490 1673 2541 hinc
1697 2489 1862 2542 funus

167 2563 341 2631 uenit,
390 2566 443 2615 et
490 2564 651 2616 obuia
697 2568 924 2633 utraque
970 2568 1162 2617 neutro
1211 2567 1525 2617 transeunte
1571 2565 1867 2617 luctantur.

290 2700 312 2738 1
348 2695 456 2738 Buc.
492 2700 532 2751 9,
567 2700 620 2739 51
746 2701 801 2740 28
837 2697 948 2741 Sall.
981 2696 1146 2753 fragm.
1179 2696 1285 2740 hist.
1321 2701 1363 2752 3,
1397 2701 1422 2740 5

290 2821 311 2857 1
347 2814 510 2871 uergss.
546 2814 609 2857 M
729 2819 752 2858 7
785 2815 1071 2872 placentij
1189 2820 1214 2859 8
1249 2813 1513 2858 aristofams
1540 2814 1603 2857 M
1720 2817 1746 2857 9
1778 2813 1863 2856 qu

170 2873 232 2915 M
375 2879 429 2917 10
460 2873 696 2917 facaetum
730 2875 792 2916 M
935 2880 986 2917 11
1019 2874 1181 2918 iubeat
1214 2875 1276 2917 M
1417 2878 1471 2917 15
1503 2886 1632 2931 rome
1664 2886 1860 2928 occupa-

166 2932 309 2976 tionis
345 2933 407 2976 M
555 2937 610 2977 20
652 2927 837 2979 ΙΡωΝΙὸ
879 2934 941 2976 Μ
1090 2938 1143 2976 21
1183 2934 1292 2977 haec
1329 2945 1435 2977 mos:
1475 2932 1680 2976 ostendit
1718 2943 1860 2986 quam

166 2991 467 3035 uehementer
500 2992 537 3035 a
567 2992 863 3036 incommoda
893 2992 1192 3036 mediocriter
1225 2993 1288 3035 M
1428 2997 1482 3035 23
1514 2991 1648 3049 plure
1682 2990 1744 3033 M

169 3053 224 3093 26
260 3063 542 3094 sarcinarum
575 3050 634 3094 ad
665 3051 826 3095 redam
860 3052 923 3094 M
1048 3056 1104 3095 28
1138 3052 1217 3095 sal.
1253 3052 1317 3094 M
1434 3055 1487 3094 31
1520 3050 1766 3104 tristitlam
1799 3048 1865 3092 M
