1939 3197
598 115 800 160 SERMO
834 115 888 170 Π,
923 121 962 171 s,
999 118 1186 160 14—86.
1626 116 1733 169 267

47 251 210 303 rinis
251 249 596 319 Canephoras
637 251 726 303 aih.
845 251 913 303 14
951 250 1166 304 fuscus
1206 250 1555 320 Hydaspes.
1640 252 1735 305 fu-

50 343 193 377 scus
249 325 439 377 colore.
596 325 662 377 15
716 326 921 377 Aleon
975 323 1196 377 Chium
1250 325 1443 377 maris
1499 343 1736 394 expers

48 399 174 467 quia
220 398 277 449 in
317 396 509 450 Chium
556 398 744 450 uinum
790 398 1000 451 marina
1038 417 1151 451 non
1191 398 1417 451 additur.
1492 399 1616 451 inde
1656 400 1735 451 in-

49 473 297 524 stitutum
358 472 524 524 tradit
578 471 804 540 Uarro,
866 475 927 524 ut
989 472 1230 541 delphini
1293 473 1431 525 eirea
1484 472 1737 525 Liberum

48 546 412 614 pingerentur.
532 546 597 597 19
637 564 826 598 nosse
873 546 1113 598 laboro,
1189 565 1378 599 nosse
1418 565 1543 615 pro:
1585 547 1732 599 seire.
1757 566 1778 599 5

196 620 267 672 22
336 618 636 672 Uibidius
716 639 869 689 quos
946 619 1286 672 Maecenas
1364 621 1735 672 adduxeralz.

48 711 206 762 quos
260 696 440 761 potest
492 693 678 745 referri
725 694 792 746 ad
841 694 1136 762 superiora,
1183 697 1363 763 potesis
1411 697 1463 746 et
1512 695 1578 746 ad
1620 693 1735 746 Ser-

45 767 235 819 uilium
268 770 320 819 et
351 765 641 820 Uibidium.
740 768 812 820 24
852 767 1195 820 absorbere
1235 769 1569 835 plaeenbas
1609 786 1732 835 pro:

47 841 400 893 absorbendo.
536 841 606 893 26
646 841 860 892 indice
900 844 1292 893 monstrarel]
1332 841 1555 910 digito.
1630 841 1732 893 hoe

45 914 183 982 ideo,
222 915 347 982 quia
387 915 544 966 certis
584 915 893 967 nominibus
936 914 1136 984 singuli
1183 914 1339 983 digiti
1378 915 1732 983 appellantur.
1758 936 1799 967 10

44 991 101 1040 et
147 991 274 1040 sunt
318 988 450 1040 haee
496 988 740 1041 nomina:
788 989 965 1057 pollex
1010 988 1171 1041 index
1217 989 1456 1042 famosus
1496 988 1732 1041 medicus

46 1062 315 1114 minimus,
430 1062 499 1114 39
548 1062 883 1115 inuertunt
928 1061 1254 1114 Allifanis,
1332 1080 1502 1132 genus
1542 1063 1734 1131 poculi.

195 1136 264 1187 47
315 1153 531 1188 uerum
581 1136 745 1188 eitra
784 1154 951 1188 mare
992 1138 1158 1189 nabo.
1257 1136 1506 1189 Issalieum
1544 1136 1734 1188 uinum

48 1209 190 1262 dicit.
327 1209 399 1261 54
444 1210 691 1262 interea
748 1228 1058 1279 suspensa
1113 1210 1350 1280 grauis.
1437 1210 1564 1279 quia
1611 1227 1733 1262 eon-

47 1283 272 1335 suet'udo
329 1283 471 1352 apud
527 1284 779 1352 antiquos
824 1284 948 1352 fuit,
1003 1287 1063 1336 ut
1111 1285 1298 1336 aulaea
1345 1284 1444 1336 sub
1493 1302 1728 1336 cameras
1756 1303 1797 1335 15

46 1357 349 1425 manderent,
395 1361 455 1409 ub
511 1357 555 1410 si
610 1358 736 1426 quid
790 1358 1024 1427 pulueris
1080 1359 1292 1411 caderet
1347 1358 1413 1409 ab
1464 1357 1595 1426 ipsis
1644 1375 1729 1409 ex-

47 1432 325 1499 ciperetur.
462 1431 531 1484 57
579 1450 694 1484 nos
742 1433 941 1484 maius
990 1432 1196 1484 ueriti.
1281 1450 1465 1484 ueram
1518 1432 1731 1483 ruinam

45 1506 311 1558 limentes,
451 1506 519 1558 61
568 1506 853 1558 tolleret:
901 1508 935 1571 -ξ-
980 1507 1157 1575 peribu
1202 1507 1430 1559 tolleret.
1569 1506 1637 1558 72
1679 1506 1731 1557 si

46 1578 332 1648 patinam
363 1579 518 1648 pede
551 1581 769 1648 lapsus
801 1580 1066 1650 frangat
1097 1598 1308 1650 agaso.
1360 1579 1729 1632 seruinomen.

47 1656 282 1705 ceterum
321 1654 534 1722 proprie
574 1671 837 1723 agasones
879 1654 1151 1723 dieunbur‚
1197 1654 1288 1722 qui
1336 1672 1501 1723 equos
1549 1656 1734 1723 agunt.
1759 1673 1801 1705 20

197 1728 267 1780 86
307 1746 688 1781 mazonomo.
730 1746 899 1798 genus
939 1728 1107 1781 laneis
1148 1732 1229 1780 esb
1267 1746 1427 1780 nune.

170 1879 191 1917 1
226 1874 492 1919 eanoeforas
527 1874 590 1917 M
736 1880 761 1918 3
802 1888 895 1919 non
927 1875 1010 1919 del.
1044 1874 1285 1929 Heindorf
1306 1875 1414 1928 forr.
1446 1878 1560 1917 recte
1712 1877 1740 1914 4

46 1933 213 1976 delfini
245 1934 309 1977 Μ
425 1937 451 1977 5
483 1935 819 1989 pmguerentur
849 1937 909 1977 M
1025 1940 1047 1977 7
1082 1947 1196 1989 quas
1227 1934 1386 1990 potesis
1419 1933 1482 1975 M
1599 1936 1624 1975 9
1660 1931 1740 1974 ab·

49 1991 278 2036 sorbendo
309 2005 414 2036 nos:
446 1992 787 2037 absorbendam
820 1993 884 2037 M
912 1992 1223 2037 absorbendas
1257 2007 1286 2047 ς
1419 1996 1471 2034 12
1505 1991 1589 2034 alu
1618 1990 1741 2033 fanis

53 2051 116 2093 M
234 2055 287 2095 18
318 2065 424 2108 pro:
458 2050 707 2096 adtolleret
737 2052 811 2096 uel
839 2066 923 2108 per
953 2052 1023 2095 id:
1057 2051 1296 2095 atbolleret
1325 2063 1407 2094 nos
1533 2054 1587 2093 21
1620 2062 1742 2092 nune

53 2109 134 2152 M:
165 2122 389 2166 magnum
414 2125 443 2165 ς
556 2109 793 2155 HORATI
822 2109 1036 2154 FLACCI
1068 2108 1413 2154 SERMONVM
1444 2108 1714 2152 LIBER-II
1733 2133 1743 2141 -

48 2190 331 2235 EXPLICIT
371 2170 533 2235 INOTP
562 2190 1031 2236 -EPISTULARUM
1062 2169 1162 2234 LTB
1190 2191 1278 2233 -1·
1313 2190 1377 2233 Μ
