1939 3197
601 90 802 135 SERMO
836 92 870 146 Ι,
907 97 974 147 10,
1008 97 1195 136 50—61.
1629 96 1734 146 241

44 225 255 278 frustra
313 228 632 295 temptasset
693 225 1033 279 Terentius
1089 226 1291 280 Uarro
1347 226 1736 299 NarbonensiS‚

44 299 143 368 qui
167 299 426 353 Atacinus
466 299 533 351 ab
559 300 729 352 Atace
768 300 932 353 fluuio
971 301 1142 353 dictus
1175 304 1272 370 est,
1311 302 1441 355 item
1472 302 1737 371 EnniuS‚

50 372 143 441 qui
181 376 434 441 quattuor
471 373 637 426 libros
685 377 988 427 saturarum
1036 376 1272 445 reliquit,
1320 380 1372 428 et
1418 375 1735 430 Pacuuius

47 445 174 498 huic
214 447 398 516 generi
438 447 849 501 uersificationis
889 466 1001 501 non
1042 449 1392 517 suffecissent,
1433 469 1488 502 se
1524 450 1578 503 id
1610 453 1734 504 scri-

51 519 174 572 bere
214 520 291 572 ait
327 521 420 589 ita,
458 524 519 573 ut
558 522 676 574 aliis
716 522 887 574 maior
927 522 1018 589 sit,
1064 522 1268 576 Lucilio
1310 525 1499 577 minor.
1578 544 1734 594 quem
1759 539 1780 571 5

46 593 387 647 inuentorem
425 595 584 647 huius
626 596 799 663 operis
832 597 1022 649 merito
1057 597 1204 666 dixit,
1244 598 1368 666 quia
1399 599 1605 666 primus
1631 599 1734 652 Lu-

42 667 200 720 cilius
255 668 412 721 huius
481 669 628 721 modi
683 670 920 722 carmina
976 671 1205 739 scripsit.
1353 671 1425 724 50
1489 676 1552 724 at
1603 673 1735 725 dixi

46 740 251 793 fluere
313 743 477 794 hunc
531 743 941 796 lutulentum.
1045 763 1206 813 supra
1261 745 1467 797 dixerat
1531 745 1732 815 Saepe

45 813 356 868 ducentos
419 819 486 868 ut
546 834 839 886 magnum
901 835 1126 870 uersus
1197 818 1492 870 dictabat
1555 823 1732 873 stans

44 888 200 956 pede
238 892 297 943 ‘m
332 908 469 942 uno.
525 908 661 942 cum
690 890 933 943 flueret
962 891 1341 944 lutulentus
1434 893 1502 945 51
1544 894 1731 962 plura
1757 911 1797 942 ιο

43 962 298 1030 quidem
343 963 635 1016 tollenda
680 964 1124 1032 relinquendis
1174 983 1287 1034 age
1335 985 1571 1034 quaeso
1621 966 1648 994 '³‘
1690 970 1732 1020 ²¹⁶.

193 1038 263 1090 53
302 1038 397 1091 m'l
434 1038 619 1091 comis
658 1039 882 1106 trayicz'
920 1044 967 1091 et
1002 1040 1213 1106 reliqua.
1261 1041 1381 1092 ordo
1405 1045 1502 1094 est:
1541 1043 1734 1111 tragici

44 1109 175 1163 Acci
213 1111 349 1163 nihil
388 1115 562 1164 mutat
585 1111 859 1164 Lucilius?
902 1116 954 1164 et
992 1113 1093 1165 hoc
1132 1114 1522 1183 interrogatiua
1560 1116 1732 1183 figura

42 1203 164 1237 cum
202 1185 376 1238 ironia
409 1186 640 1254 quadam
671 1187 1148 1254 pronuntiandum,
1190 1187 1314 1256 quia
1353 1207 1417 1240 ex
1459 1190 1730 1241 contrario

41 1259 464 1329 intellegendum
514 1263 609 1312 est.
687 1261 853 1313 comis
896 1264 1073 1313 autem
1110 1260 1346 1313 Lucilius
1387 1265 1606 1331 propter
1644 1283 1730 1316 ur·
1756 1279 1797 1312 15

43 1333 339 1386 banitatem
379 1333 592 1401 dicitur,
640 1337 693 1386 et
740 1334 948 1386 ‘mutat'
991 1353 1088 1403 pro
1130 1353 1191 1387 eo
1234 1335 1376 1404 quod
1416 1340 1496 1388 est
1537 1336 1730 1389 eemen-

42 1406 152 1459 dat’
210 1408 449 1476 positum
504 1411 600 1460 est.
697 1408 826 1460 facit
888 1411 1067 1460 autem
1123 1408 1410 1461 Lucilius
1464 1410 1554 1463 hoc
1610 1429 1729 1463 cum

41 1481 175 1533 alias
223 1484 338 1533 tum
386 1483 473 1533 uel
522 1483 747 1534 maxime
787 1483 844 1534 in
882 1483 1041 1535 tertio
1081 1483 1243 1551 libr03
1283 1484 1528 1536 meminit
1567 1482 1730 1536 VIIII

7 1557 95 1607 o··et
132 1554 196 1607 X.
304 1556 375 1608 54
414 1574 542 1609 non
580 1557 750 1608 ridet
789 1574 1015 1609 uersus
1054 1556 1224 1609 Enni
1256 1558 1585 1627 grauitate
1618 1561 1728 1610 mi-

40 1646 245 1682 110108.
300 1629 486 1682 eadem
526 1649 631 1698 qua
672 1649 834 1698 supra
864 1631 1041 1699 figura
1074 1633 1127 1682 et
1149 1631 1251 1684 hoc
1276 1632 1482 1684 dicitur.
1540 1650 1726 1684 sensus
1753 1650 1797 1681 20

40 1706 220 1755 autem
260 1706 359 1756 est:
399 1722 510 1756 non
548 1721 675 1773 ergo
717 1704 878 1757 etiam
916 1704 1063 1756 Enni
1098 1723 1285 1757 uersus
1318 1705 1469 1775 ridet,
1510 1707 1600 1776 qui
1631 1708 1728 1758 mi-

38 1795 196 1829 nores
237 1780 376 1847 sunt,
414 1780 447 1843 1·
488 1797 650 1847 quam
690 1797 850 1847 quam
890 1778 1209 1848 dignitatem
1250 1780 1361 1832 eius
1408 1780 1616 1848 possit?

39 1850 111 1903 55
166 1870 304 1904 cum
359 1852 430 1904 de
486 1870 549 1904 se
603 1853 897 1920 loquitur
943 1871 1072 1905 non
1119 1857 1187 1905 ut
1234 1854 1473 1907 maiore
1512 1873 1727 1923 repre-

36 1924 257 1978 hensis
296 1926 399 1978 hoc
439 1929 540 1978 est:
588 1945 709 1978 cum
747 1927 822 1978 ita
861 1945 958 1978 sua
998 1930 1235 1979 ostentat
1282 1928 1480 1996 scripta
1527 1932 1580 1979 et
1618 1927 1726 1980 En-

38 1998 203 2052 niana
241 1999 597 2068 reprehendit,
636 2003 697 2051 ut
733 2018 846 2053 non
884 2004 1066 2052 tamen
1107 2019 1162 2052 se
1200 2000 1379 2053 Ennio
1415 2007 1725 2070 praeponat.
1750 2018 1793 2051 25

37 2090 133 2140 per
187 2091 322 2141 quae
378 2074 494 2125 uult
546 2074 787 2143 intellegi
832 2073 1093 2126 Horatius
1149 2078 1202 2127 et
1256 2093 1370 2126 sese
1424 2076 1500 2127 ita
1555 2075 1726 2128 Lucili

39 2164 226 2199 uersus
265 2148 694 2216 reprehendisse,
740 2151 802 2199 ut
846 2167 957 2200 non
1002 2151 1184 2200 tamen
1233 2167 1287 2200 se
1328 2150 1375 2201 ei
1416 2153 1723 2218 anteponat.

186 2221 254 2274 57
307 2240 454 2274 num
500 2222 679 2273 illius
719 2240 866 2273 num
910 2240 1119 2274 rerum
1167 2223 1321 2274 dura
1367 2224 1624 2293 negarit
1673 2227 1726 2276 et

35 2295 258 2364 reliqua.
337 2314 524 2348 sensus
573 2299 676 2348 est:
724 2314 855 2347 num
902 2296 1049 2348 illius
1097 2300 1292 2349 natura
1332 2300 1425 2349 aut
1462 2298 1725 2367 numquid

37 2370 211 2439 magis
258 2388 437 2422 rerum
484 2388 666 2422 earum
719 2387 849 2437 quas
906 2371 1119 2439 scripsit
1167 2371 1380 2440 negarit
1435 2372 1482 2424 ei
1538 2390 1723 2424 uersus
1747 2390 1792 2422 30

35 2443 323 2497 molliores,
461 2445 526 2497 61
570 2444 831 2497 Etrusci
879 2446 1064 2514 quale
1112 2445 1239 2497 fuit
1278 2444 1460 2498 Cassi
1499 2446 1722 2515 rapido

155 2565 180 2603 2
212 2560 349 2604 Vahl.
376 2560 563 2613 Quaest.
588 2561 705 2605 Enn.
732 2576 777 2617 p.
803 2560 1038 2605 LXXXIV
1132 2566 1184 2605 17
1210 2561 1358 2606 Lucil.
1376 2561 1541 2619 fragm.
1561 2562 1639 2616 ΙΙΙ,
1664 2566 1719 2605 46

156 2668 178 2706 1
211 2665 466 2720 temptasse
500 2665 563 2707 M
686 2665 1022 2709 narbonensms
1057 2665 1118 2708 M
1221 2671 1249 2709 4
1282 2665 1571 2710 sufficessent
1605 2664 1667 2707 M

36 2736 84 2767 se
107 2722 158 2765 id
187 2736 290 2767 nos:
322 2737 378 2767 ei.
411 2723 468 2767 de
495 2724 568 2777 M,
599 2723 725 2767 idem
756 2738 805 2768 se
836 2725 1049 2769 Hautlzal
1158 2731 1211 2770 10
1237 2739 1372 2769 cuma
1395 2729 1436 2768 et
1466 2723 1721 2767 lutulentos

38 2783 102 2825 M
205 2787 257 2825 11
286 2796 426 2839 quero
452 2783 514 2826 M
620 2788 673 2826 12
698 2784 835 2828 tra1ci
861 2785 924 2827 M
1031 2791 1083 2829 14
1106 2785 1290 2829 hiroma
1317 2784 1379 2827 M
1484 2788 1536 2826 15
1570 2796 1722 2826 comes

37 2842 101 2884 M
229 2847 282 2886 16
316 2842 480 2886 d1t1tur
513 2842 575 2886 M
707 2843 928 2888 emandat
960 2844 1023 2887 M
1165 2849 1218 2887 17
1249 2843 1366 2887 facit
1395 2842 1445 2886 id
1477 2844 1633 2885 autem
1664 2842 1719 2885 L.

36 2901 217 2945 Μἰῖῐῐεν
340 2907 392 2946 18
424 2901 639 2945 meminit
671 2904 742 2946 est
767 2918 795 2958 ς
918 2908 973 2948 20
1015 2918 1163 2948 sessus
1199 2904 1261 2946 M
1378 2907 1431 2945 22
1475 2915 1616 2957 quam
1653 2901 1721 2944 di-

34 2959 190 3016 gnitas
215 2960 314 3004 eius
339 2961 518 3017 poscit?
544 2975 830 3018 quamquam
855 2962 1137 3020 dignitatem
1162 2963 1259 3006 eius
1284 2962 1447 3017 (non)
1471 2960 1619 3017 possit
1642 2960 1721 3004 ad-

33 3019 168 3075 sequi
200 3036 228 3075 ς
349 3025 406 3064 26
438 3020 520 3064 11111
553 3021 616 3063 M
743 3026 797 3065 29
830 3023 1047 3078 numqmt
1080 3022 1143 3065 M
1260 3025 1316 3065 30
1350 3021 1628 3077 quascnpsut
1663 3019 1728 3064 M

120 3093 394 3128 Pom‘ffrmon.
1309 3102 1327 3139 1
1336 3101 1360 3139 ὃ
