1939 3197
153 95 259 146 174
819 91 1069 137 EPODON
1104 97 1172 136 17.

149 231 533 284 ueneficiorum
559 230 759 282 scilicet
783 228 1219 297 intellegendum.
1295 229 1329 281 2
1356 229 1622 297 supplex
1646 232 1700 280 et
1731 246 1841 283 oro

149 323 347 375 regna
385 324 495 374 per
534 303 974 371 Proserpinae.
1068 303 1342 372 eleganter
1390 303 1542 371 quasi
1581 320 1680 371 per·
1715 303 1841 355 deas

149 381 318 449 ipsius
368 398 485 431 eain
534 381 668 447 orat,
715 378 840 446 quia
889 376 1160 428 ueneficae
1198 375 1444 428 Hecaten
1497 378 1695 430 colunt.
1809 378 1842 429 3

140 472 253 522 per
299 458 353 505 et
389 453 634 505 Dianae
679 469 804 504 ozon
849 452 1146 506 mouenda
1190 451 1460 503 ommino.
1547 453 1699 504 ordo:
1745 469 1842 519 per

105 541 125 572 5
149 528 356 580 Dianae
396 527 621 578 numina
652 544 765 578 non
797 525 1078 593 mouenda,
1117 525 1219 577 hoc
1253 528 1355 576 est:
1388 543 1500 577 non
1530 525 1842 577 lacessenda

151 606 211 654 ut
244 604 564 654 moueantur
595 601 649 652 id
682 603 763 652 est
786 600 1103 651 irascantur.
1202 600 1238 650 4
1270 617 1380 667 per
1413 601 1603 667 atque
1636 599 1841 652 libros

152 677 500 728 carminum
547 675 918 727 ualentium.
998 673 1151 725 ordo:
1192 676 1351 741 atque
1391 692 1487 742 per
1525 674 1690 726 libros
1731 691 1842 725 car-

149 751 383 818 minum3
423 750 592 819 ipsius
633 752 812 801 autem
853 746 1109 801 Canidiae
1151 747 1294 799 dicit.
1432 748 1464 799 G
1505 765 1694 816 parce
1733 766 1842 799 uo-

151 825 328 876 cibus
370 824 626 875 tandem
664 823 878 875 sacris.
941 822 1187 874 uocibus:
1216 822 1415 873 uerbis.
1468 822 1676 891 dilogos
1700 839 1845 874 nunc

83 911 126 942 10
152 899 344 950 dicitur
386 898 611 965 sacris,
652 898 776 966 quia
818 915 1027 948 sacrum
1054 899 1107 947 et
1130 896 1443 965 religiosum
1469 899 1522 948 et
1547 896 1842 948 execrabile
1917 920 1933 926 ··

151 973 432 1042 significat.
572 974 600 1023 7
646 973 967 1039 citumque
1016 973 1187 1022 retro
1238 971 1437 1038 solue,
1490 971 1669 1023 solue
1709 973 1842 1022 tur—

148 1047 375 1099 binem.
453 1049 626 1097 retro
669 1047 845 1098 solue
894 1045 947 1096 id
989 1048 1091 1113 est,
1132 1045 1272 1112 quod
1315 1044 1549 1096 crebrius
1593 1043 1842 1096 ‘resolue'

149 1121 372 1172 dicimus
413 1123 467 1171 et
507 1120 701 1172 citum
748 1119 801 1170 id
843 1122 923 1171 est
964 1119 1068 1170 cito
1111 1119 1272 1170 solue.
1350 1119 1622 1170 turbinem
1662 1122 1843 1171 autem

148 1195 290 1263 dicit,
331 1194 473 1262 quod
514 1194 666 1261 quasi
708 1193 1030 1262 obligauerit
1068 1195 1303 1244 mentem
1337 1193 1463 1244 eius,
1566 1193 1597 1245 8
1639 1193 1843 1245 mouit

82 1280 123 1311 15
149 1271 448 1337 nepotem
518 1267 838 1336 Telephus
907 1265 1223 1318 Nereium.
1340 1267 1583 1335 exempla
1652 1266 1842 1336 adfert,

149 1343 341 1410 quibus
383 1342 634 1395 ostendat
673 1342 834 1393 etiam
874 1341 1120 1393 inimicos
1153 1341 1399 1409 precibus
1432 1359 1617 1393 eorum
1650 1341 1843 1409 quibus

147 1418 271 1468 irati
327 1420 480 1468 erant
535 1417 600 1468 ad
656 1416 1055 1467 miserationem
1111 1416 1383 1467 adductos,
1472 1418 1603 1467 nota
1658 1418 1837 1467 autem

146 1491 374 1543 historia
430 1494 532 1558 est7
588 1490 882 1559 Telephum
938 1490 1004 1541 ab
1061 1489 1270 1541 Achille
1325 1490 1669 1541 uulneratum
1725 1508 1839 1541 esse

146 1565 560 1634 fragmentoque
599 1565 809 1630 hastae,
858 1583 963 1632 qua
1002 1565 1317 1615 uulneratus
1360 1567 1496 1632 erat,
1544 1564 1611 1615 ab
1653 1564 1840 1622 eodem

79 1650 122 1681 20
147 1638 357 1690 Achille
384 1642 641 1690 curatum.
740 1639 805 1690 12
840 1638 1225 1689 homicidam
1267 1637 1621 1689 Hectorem.
1685 1638 1840 1689 aliter

145 1713 470 1765 homicidam
509 1711 798 1765 Hectorem
847 1730 961 1763 esse
1015 1712 1169 1780 dixit,
1217 1730 1376 1780 quam
1424 1713 1589 1781 uulgo
1631 1712 1839 1764 dicitur.

145 1805 290 1838 nunc
332 1787 472 1838 enim
511 1805 608 1855 pro
650 1787 766 1838 uiro
807 1786 937 1838 forti
977 1785 1193 1854 dictum,
1233 1786 1323 1853 qui
1364 1787 1561 1837 multos
1601 1787 1658 1837 in
1697 1786 1839 1838 bello

147 1861 412 1913 occiderit.
523 1861 591 1912 14
628 1861 748 1912 heu
798 1860 1159 1928 peruicacis
1198 1860 1272 1911 ad
1311 1860 1501 1927 pedes
1543 1859 1842 1912 Achillei.

146 1935 210 1986 de
250 1935 352 1986 hac
394 1935 654 1987 diuisione
695 1936 751 1986 in
801 1935 1138 2002 superiore
1192 1934 1414 2003 ecloga
1460 1935 1673 1985 locutus
1722 1952 1841 1986 sum

78 2019 121 2051 25
147 2009 285 2061 circa
335 2027 534 2061 nomen
572 2008 762 2060 Ulixis,
861 2008 1166 2076 peruicaces
1207 2012 1387 2060 autem
1428 2007 1701 2077 dicuntur,
1749 2009 1839 2077 qui

144 2084 200 2134 in
241 2083 584 2135 contentione
625 2101 793 2151 usque
834 2083 901 2133 ad
940 2082 1362 2150 peruincendum
1401 2084 1764 2150 perseuerant.

145 2158 216 2209 20
257 2160 464 2209 amata
495 2157 709 2209 nautis
742 2157 1009 2208 multum
1043 2159 1106 2208 et
1136 2157 1573 2209 institoribus,
1629 2160 1840 2208 amata

144 2231 379 2282 uocatiui
420 2249 573 2283 casus
616 2234 722 2282 est:
765 2249 795 2282 o
838 2234 1031 2282 amata.
1110 2231 1202 2282 sed
1244 2234 1296 2282 et
1334 2231 1436 2282 hoc
1476 2230 1837 2282 urbanissima

146 2305 473 2360 contumelia
521 2305 712 2357 dicitur
759 2305 912 2373 quasi
969 2305 1067 2357 sub
1124 2304 1218 2356 illa
1271 2305 1449 2372 laude,
1506 2305 1646 2372 quod
1702 2305 1836 2356 adeo

77 2394 120 2425 30
144 2379 331 2447 pulcra
371 2379 442 2430 sit
479 2381 541 2429 ut
581 2397 611 2429 a
651 2379 834 2430 multis
877 2382 1098 2430 ametur,
1214 2379 1280 2430 21
1324 2378 1499 2447 fugit
1537 2378 1838 2429 iuuentas

263 2529 321 2567 24-
351 2524 465 2580 Epo.
503 2529 571 2579 16,
605 2529 659 2566 59

263 2662 288 2700 3
321 2657 548 2700 ueneficie
582 2657 746 2700 ecaten
777 2672 827 2700 in
860 2657 1020 2700 colunt
1054 2657 1116 2699 M
1256 2662 1283 2699 4
1318 2657 1475 2699 lemma
1506 2657 1671 2700 addidi
1808 2662 1832 2700 7

143 2716 436 2759 Ualentinum
464 2716 526 2758 M
667 2721 691 2757 9
725 2716 918 2759 uocibus
951 2716 1127 2759 uerbis:
1161 2716 1341 2759 duobus
1373 2717 1527 2759 uerbis
1563 2716 1625 2758 M
1765 2715 1837 2758 di-

145 2775 276 2832 logos
315 2789 420 2818 0208:
460 2774 674 2831 dlalogus
709 2775 771 2817 M
808 2776 865 2828 cf.
899 2776 960 2818 acl
990 2789 1118 2818 serm.
1151 2780 1194 2828 1,
1229 2780 1297 2828 10,
1331 2779 1392 2818 36
1545 2780 1596 2818 12
1630 2774 1836 2818 crebrius

145 2834 380 2877 Hauthal:
419 2834 606 2877 urebius
640 2834 703 2877 M
823 2840 875 2877 15
908 2833 1078 2877 talefus
1111 2848 1237 2878 nerel
1262 2869 1271 2878 .
1299 2835 1408 2877 dum
1443 2835 1505 2877 M
1616 2838 1668 2877 17
1703 2835 1836 2889 era'm,

146 2906 170 2935 e
195 2894 248 2935 in
270 2908 286 2936 1
311 2907 441 2947 corr„
468 2894 528 2936 M
609 2894 772 2936 notum
799 2893 861 2935 M
945 2899 997 2937 18
1023 2893 1216 2936 talefum
1239 2894 1300 2935 M
1384 2897 1436 2936 19
1461 2893 1834 2949 fragmentumq3

146 2951 280 2995 haste
315 2986 323 2996 .
358 2966 480 3008 aqua
513 2953 575 2995 M
679 2957 734 2995 20
766 2952 1032 2995 haectorem
1067 2953 1130 2995 M
1159 2953 1227 2995 bis
1333 2957 1387 2996 23
1422 2952 1582 2995 achllli
1613 2951 1675 2994 M
1778 2956 1834 2994 24

148 3011 316 3066 egloga
349 3012 411 3053 M
531 3015 584 3054 25
617 3012 747 3066 ulixi,
780 3026 800 3055 s
834 3011 938 3054 add.
974 3027 1002 3054 α
1033 3026 1088 3055 m.
1123 3015 1168 3056 2.
1205 3012 1265 3054 M
1385 3016 1441 3055 30
1472 3012 1689 3054 iuuentus
1725 3010 1784 3052 M
