1939 3197
613 79 817 125 SERMO
850 80 884 134 Ι,
917 83 958 136 8,
989 83 1148 135 49—9‚
1182 83 1253 123 27.
1662 76 1771 129 233

86 219 269 272 tonia
307 216 719 270 caliandrum.
856 215 926 267 49
968 217 1156 283 atque
1196 214 1532 266 incantata
1571 213 1770 265 lacer-

86 295 171 346 tis
196 292 456 345 uincula
489 308 623 342 cum
654 306 880 359 magno
913 289 1174 358 risuque
1206 288 1472 355 iocoque
1504 286 1770 339 uideres,

89 365 337 420 ‘uideres'
377 365 601 417 uerbum
639 364 1001 416 reuocandum
1041 363 1108 415 ad
1146 362 1200 414 id
1242 361 1384 431 quod
1428 360 1634 412 dixerat
1673 378 1771 411 ex-

90 441 315 495 cidere.
393 439 466 491 sic
507 439 647 491 enim
688 437 1146 507 coniungendum:
1187 436 1424 488 excidere
1463 433 1687 485 uideres,

756 567 956 612 sERMo
992 569 1024 623 1,
1059 573 1099 612 9.
1797 588 1820 620 5

239 660 414 714 Ibam
461 661 627 713 forte
675 660 779 712 uia
826 677 1010 712 sacra
1058 659 1225 711 sicut
1270 677 1441 711 meus
1490 662 1587 711 est
1624 677 1770 712 11103.

86 736 252 788 refert
288 736 389 788 hac
430 738 612 787 satura
652 734 1063 786 descendentem
1103 751 1158 785 se
1204 734 1295 785 uia
1335 750 1486 785 sacra
1524 733 1774 785 incidisse

87 811 144 862 in
188 809 463 862 hominem
508 809 793 860 molestum
842 810 894 859 et
942 807 1217 876 garrulum
1264 824 1438 875 neque
1487 824 1543 858 se
1595 807 1662 858 ab
1712 824 1774 858 eo

90 884 318 936 auellere
358 883 614 951 potuisse,
651 881 758 933 nisi
798 880 1136 933 aduersarius
1163 880 1572 949 supervenisset,
1612 899 1644 931 a
1669 898 1774 949 quo

86 957 454 1010 uadimonium
495 956 596 1008 sibi
635 955 837 1007 dictum
877 954 961 1007 sit.
1017 957 1070 1006 et
1092 957 1269 1007 totum
1291 954 1435 1006 huno
1476 972 1777 1006 sermonem
1802 973 1847 1005 10

90 1031 385 1084 dramatico
450 1030 756 1082 charactere
820 1029 1028 1081 alterno
1093 1046 1338 1081 sermone
1399 1028 1590 1081 uariat.
1742 1029 1776 1080 2

88 1106 306 1159 1103010
348 1104 496 1174 quid
533 1104 869 1156 meditans,
932 1103 1007 1155 sic
1046 1103 1344 1155 uerecunde
1383 1105 1573 1171 poetae
1601 1119 1776 1172 nugas

90 1183 145 1233 et
182 1180 321 1232 risus
364 1179 540 1231 solent
575 1178 844 1246 appellare
869 1178 1162 1229 uersiculos
1189 1195 1328 1229 suos,
1422 1177 1454 1228 3
1496 1177 1779 1229 occurrit

91 1254 347 1323 quidam
408 1256 598 1306 notus
661 1252 819 1303 mihi
879 1252 1132 1304 nomine
1193 1253 1447 1303 tantum
1507 1250 1610 1302 hoc
1673 1253 1776 1302 est:

93 1329 244 1381 cuius
290 1327 426 1379 nihil
466 1326 611 1379 aliud
649 1344 930 1393 noueram,
981 1343 1142 1394 quam
1188 1342 1401 1378 nomen.
1541 1325 1605 1376 11
1649 1343 1679 1376 o
1718 1327 1778 1377 te
1805 1342 1850 1375 15

91 1401 335 1455 Bolane
384 1401 631 1454 cerebri
676 1400 932 1452 felicem
979 1400 1226 1451 aiebam
1271 1399 1531 1451 tacitus.
1620 1397 1779 1451 Bola-

91 1495 223 1529 num
270 1476 488 1546 nomine
534 1475 715 1527 nescio
765 1492 921 1542 quem
975 1473 1141 1526 fuisse
1197 1473 1326 1525 dicit
1375 1473 1498 1525 adeo
1554 1472 1780 1536 liberum,

91 1553 154 1603 ut
199 1550 400 1602 nullius
451 1549 683 1617 ineptias
731 1548 920 1616 ferret,
967 1547 1097 1616 quin
1145 1547 1287 1615 quod
1335 1547 1399 1599 de
1447 1564 1509 1599 00
1558 1547 1782 1598 sentiret

94 1625 276 1677 statim
317 1625 374 1676 in
415 1642 535 1676 eum
576 1623 786 1675 diceret.
927 1623 992 1674 16
1033 1621 1198 1673 nihil
1239 1640 1395 1690 opus
1435 1623 1532 1673 est
1571 1625 1622 1672 te
1662 1620 1779 1672 cii·-

94 1699 357 1768 cumagi.
432 1698 536 1750 hoc
576 1715 639 1749 ex
672 1696 866 1750 Horati
905 1714 1136 1764 persona
1173 1694 1611 1765 intellegendum.
1713 1695 1780 1747 16
1806 1713 1852 1745 20

92 1777 154 1825 te
195 1772 570 1841 circumagi:
619 1770 865 1823 ‘mecum'
914 1770 1099 1838 utique
1138 1769 1575 1839 intellegendum.
1716 1769 1782 1820 19

92 1847 256 1900 nihil
293 1846 497 1898 habeo
540 1845 705 1914 quod
745 1862 928 1914 agam
968 1847 1030 1896 et
1067 1861 1196 1896 non
1236 1862 1368 1896 sum
1406 1843 1603 1912 piger.
1679 1842 1783 1895 hoc

92 1922 183 1974 ille
222 1921 480 1973 molestus
507 1920 649 1971 dicit.
750 1920 820 1971 22
862 1919 914 1970 31
952 1919 1109 1970 bene
1149 1936 1241 1969 me
1280 1917 1434 1970 noui
1473 1920 1525 1968 et
1563 1917 1782 1985 reliqua.

95 1999 148 2048 et
193 1994 416 2047 Uiscum
471 1997 524 2045 et
568 1992 794 2046 Uarium
845 1991 1104 2045 Horatius
1161 1992 1360 2043 amicos
1413 1990 1618 2042 habuit.
1718 1990 1781 2041 de

94 2068 258 2121 Uisco
298 2068 441 2120 infra
481 2068 708 2135 dicetur,
754 2065 952 2118 Uarius
990 2068 1174 2117 tamen
1214 2065 1276 2117 de
1317 2064 1638 2117 doctissimis
1677 2063 1783 2115 fuit
1806 2082 1853 2116 25

97 2145 151 2195 et
195 2159 423 2212 magnus
469 2141 554 2194 his
601 2140 935 2209 temporibus
981 2139 1199 2191 habitus
1246 2141 1342 2191 est.
1418 2156 1545 2190 nam
1586 2140 1640 2190 et
1676 2140 1783 2189 tra-

101 2216 319 2286 goedias
358 2216 502 2268 fecit.
616 2214 707 2267 -23
748 2233 892 2266 nam
932 2214 1072 2282 quis
1112 2231 1204 2264 me
1246 2212 1527 2264 scribere
1566 2211 1783 2280 plures

99 2294 152 2343 et
189 2291 409 2359 reliqua.
472 2290 747 2359 eleganter
787 2288 914 2340 dicit
952 2306 1073 2340 eum
1111 2287 1196 2338 his
1234 2287 1394 2339 rebus
1435 2286 1536 2337 sibi
1560 2286 1784 2354 placere,

101 2383 236 2434 quae
277 2365 345 2417 ad
385 2364 685 2417 doctrinam
723 2380 836 2415 non
876 2363 1124 2414 attinent.
1199 2361 1319 2413 ideo
1361 2360 1598 2413 ostendit
1619 2360 1781 2428 impe·

96 2440 262 2492 ritum
302 2438 433 2491 satis
474 2441 527 2491 et
564 2439 918 2506 inportunum
962 2436 1238 2489 hominem
1283 2434 1466 2487 fuisse.
1580 2434 1650 2487 26
1691 2436 1786 2485 est
1809 2452 1855 2484 30

98 2513 224 2565 tibi
261 2515 462 2565 mater
501 2512 778 2582 cognati.
832 2511 935 2563 hoc
960 2509 1219 2563 Horatius
1251 2509 1595 2579 interrogans
1634 2508 1786 2559 illum

101 2587 243 2639 dicit.
343 2587 410 2638 27
443 2586 601 2638 haut
639 2586 792 2638 mihi
834 2585 1165 2654 quisquam
1207 2601 1421 2637 omnes
1462 2581 1784 2650 conposui.

221 2709 246 2746 2
280 2703 452 2747 uideris
485 2704 640 2747 uerbis
659 2703 737 2758 M
869 2707 894 2746 3
930 2701 1140 2745 excidere
1172 2705 1277 2745 ante
1307 2700 1490 2744 uideres
1521 2712 1578 2742 m.
1610 2701 1657 2742 2.
1688 2711 1722 2741 s.
1757 2698 1785 2741 l.

101 2764 207 2808 add.
243 2763 306 2805 M
423 2765 449 2805 5
480 2760 726 2806 EGLOGA
753 2786 761 2795 ·
787 2761 829 2804 X
856 2785 864 2794 ·
900 2762 963 2804 M
1068 2765 1092 2804 7
1126 2773 1180 2804 ac
1206 2761 1269 2804 M
1372 2763 1425 2801 13
1457 2757 1595 2801 risus:
1628 2756 1786 2800 lusus?

100 2823 158 2877 ef.
191 2823 253 2866 ad
287 2820 338 2865 Ο.
370 2825 414 2875 1,
447 2824 525 2875 32,
557 2825 588 2866 2
621 2825 662 2864 et
692 2820 740 2865 S.
773 2825 816 2878 1,
847 2825 921 2874 10,
953 2823 1013 2864 37
1148 2819 1354 2876 apellare
1381 2817 1444 2860 M
1562 2820 1618 2859 14
1648 2815 1786 2859 mihi:

103 2895 170 2926 310
203 2881 266 2924 Μ
407 2884 461 2924 16
495 2880 692 2937 agebam
726 2881 788 2922 M
935 2884 992 2924 20
1024 2879 1144 2923 orati
1176 2879 1240 2922 M
1379 2881 1436 2919 24
1467 2876 1525 2930 ef.
1566 2873 1790 2918 Weichert

104 2941 230 2985 Poet.
262 2939 369 2985 Lat.
400 2938 498 2983 Rel.
525 2953 576 2996 p.
608 2944 703 2984 221
820 2943 876 2983 25
909 2938 1206 2983 doct1ssmus
1238 2937 1302 2980 M
1432 2939 1487 2979 31
1522 2935 1697 2979 oratius
1730 2933 1795 2977 M

222 3004 278 3044 32
312 3001 393 3043 aut
426 2998 489 3041 M
