1939 3197
183 125 292 178 260
703 120 905 166 SERMO
938 121 995 175 Π,
1028 125 1068 173 3,
1102 122 1291 171 322-—4‚
1327 121 1366 160 7.

183 280 331 314 more
371 259 592 312 insanis.
669 259 723 308 et
776 274 906 308 usus
961 259 1033 307 est
1077 253 1288 322 uulgari
1334 249 1620 321 prouerbio
1669 249 1873 301 oleum

182 337 248 388 in
286 333 669 386 incendium.
792 330 899 382 322
941 346 1132 381 sanus
1171 327 1333 379 facis
1375 327 1435 378 et
1472 327 1543 376 tu
1583 324 1718 390 [non
1756 322 1873 374 dico

183 409 361 478 inquit
393 408 578 472 sanus]
619 423 746 458 non
783 404 923 456 dico
958 401 1343 455 horrendam
1381 399 1644 451 rabiem:
1685 399 1746 448 ut
1776 395 1876 447 tibi

184 501 418 553 parcam,
446 500 560 534 non
593 480 709 532 dico
743 478 1009 547 poeticam
1036 477 1240 528 rabiem
1264 492 1394 527 esse.
1471 473 1579 525 326
1621 490 1650 523 o
1677 470 1877 522 maior

141 558 441 616 5tandem
480 572 706 624 parcas
747 554 970 604 insane
1011 550 1255 603 minori.
1308 548 1655 601 uehementer
1678 544 1877 596 furiose

185 649 249 684 wc
286 634 340 683 te
380 631 487 682 tuis
528 629 673 681 uitiis
713 627 896 694 redde,
937 626 1130 694 quibus
1168 627 1222 676 te
1254 624 1540 675 liberatum
1565 620 1711 672 (11013.
1759 636 1879 670 cuni

189 706 432 775 superior
470 705 694 756 insanus
736 702 823 770 313,
861 718 1020 769 parce
1060 698 1255 751 minori
1294 698 1501 748 insano.

859 874 1062 921 sERMo
1098 880 1145 929 2,
1180 879 1220 917 4.

339 971 553 1025 Catium
593 971 894 1038 interrogat
933 984 1185 1019 cenarum
1225 966 1498 1016 auctorem
1538 977 1700 1013 cenae
1731 977 1885 1027 prae-

122 1074 165 1106 10
191 1051 360 1116 cepta.
436 1044 598 1098 unde
641 1047 702 1095 et
741 1061 860 1112 (1110
902 1040 1139 1094 Catius.
1216 1037 1401 1090 Catius
1432 1035 1731 1103 Epicureus
1764 1032 1883 1099 fuit,

190 1122 281 1190 (1111
337 1119 552 1188 scripsit
607 1120 862 1186 quattuor
915 1115 1082 1167 libros
1139 1113 1202 1164 de
1254 1129 1433 1163 rerum
1488 1110 1684 1160 natura
1731 1109 1784 1158 et
1823 1106 1885 1158 de

192 1213 400 1248 summo
440 1195 601 1247 bono,
681 1192 777 1244 sub
820 1191 932 1242 eius
972 1188 1189 1241 nomine
1231 1204 1334 1254 quo
1374 1183 1534 1235 modo
1561 1184 1618 1234 in
1642 1180 1887 1250 proxima

196 1268 421 1338 Stoicos,
459 1269 537 1320 ita
575 1268 634 1318 in
673 1267 774 1318 hac
814 1264 1109 1333 Epicureos
1148 1261 1412 1313 inrisurus
1454 1260 1548 1326 est,
1589 1256 1679 1325 qui
1704 1255 1891 1307 dicunt

191 1361 459 1396 summum
490 1343 695 1395 bonum
734 1335 975 1408 ἡδονήν,
1017 1337 1108 1390 3οἀ
1132 1353 1311 1387 rerum
1334 1334 1707 1398 honestarum3
1746 1329 1888 1381 unde

124 1442 167 1475 15
192 1416 359 1471 Stoici
413 1417 553 1469 hanc
609 1415 765 1485 gulae
818 1416 872 1466 et
920 1411 1157 1480 corporis
1208 1408 1487 1461 libidinem
1543 1405 1889 1458 criminantes

191 1493 343 1545 aiunt
378 1488 481 1560 τὴν
529 1485 831 1559 ἀταραξίαν
881 1487 976 1555 τῆς
1026 1485 1203 1553 ψυχῆς
1236 1484 1358 1550 ¹hoc
1407 1483 1488 1534 est
1525 1479 1662 1532 nihil
1701 1478 1890 1530 timere

191 1585 290 1619 nec
338 1583 529 1634 cupere
572 1582 840 1617 summum
878 1563 1082 1614 bonum
1130 1576 1259 1611 esse.
1335 1556 1476 1609 unde
1515 1553 1722 1606 Uarro
1764 1551 1892 1604 dicit

192 1641 536 1709 λογομαχίαν
590 1639 731 1690 inter
784 1637 904 1688 illos
961 1653 1092 1687 esse.
1169 1649 1297 1702 ergo
1339 1629 1554 1684 Catium
1591 1628 1893 1695 interrogat

193 1714 577 1784 philosophum
626 1711 951 1781 Epicureum
1015 1709 1078 1760 de
1131 1724 1384 1759 cenarum
1448 1702 1785 1757 ordinatione
1841 1702 1894 1751 et

127 1814 171 1846 20
194 1790 498 1857 uoluptate,
553 1787 679 1857 quia
717 1784 970 1854 Epicurei
1011 1799 1278 1835 summum
1316 1780 1522 1831 bonum
1559 1777 1894 1844 uoluptatem

196 1863 396 1915 dicunt.
510 1862 544 1914 2
583 1877 821 1930 ponere
862 1859 1049 1927 signa
1087 1855 1292 1908 nouis.
1355 1869 1616 1922 ponere:
1659 1849 1891 1902 conscri-

195 1938 344 2006 bere,
384 1936 704 2004 consignare
742 1951 887 1986 noua
925 1932 1227 2000 praecepta.
1342 1927 1375 1979 3
1438 1925 1643 1993 Anyti
1705 1941 1896 1975 reum.

199 2010 476 2064 Socratem
517 2010 801 2079 significat,
844 2025 1002 2076 quem
1026 2005 1245 2072 Anytus
1279 1999 1554 2054 accusauit
1578 2001 1632 2050 et
1653 1997 1897 2064 Meletus7

199 2085 342 2155 quod
391 2085 594 2137 iuraret
655 2079 730 2151 μὰ
780 2078 880 2134 τὸν
935 2077 1079 2132 κύνα
1130 2075 1220 2130 καὶ
1273 2072 1347 2145 μὰ
1405 2070 1505 2127 τὸν
1560 2073 1729 2142 χῆνα,
1793 2089 1896 2140 (1110

132 2183 176 2216 25
201 2159 524 2212 ostendebat
575 2157 733 2209 deum
789 2155 1038 2208 omnibus
1079 2151 1402 2204 animalibus
1441 2149 1698 2200 iunctum.
1775 2145 1899 2197 huic

201 2252 412 2302 quoque
461 2233 767 2285 obiecerant
814 2233 867 2282 et
915 2232 1101 2297 stupra
1147 2243 1435 2295 puerorum
1483 2225 1536 2274 et
1575 2220 1718 2290 quod
1755 2237 1900 2272 noua

201 2307 451 2377 prodigia
489 2325 587 2376 pro
630 2306 729 2358 diis
767 2305 1007 2372 haberet,
1047 2319 1183 2371 quae
1222 2300 1373 2352 nulla
1413 2296 1678 2349 maiorum
1710 2293 1899 2362 religio

202 2381 549 2434 meminisset.
674 2381 706 2432 6
770 2377 934 2447 (111οᾰ
993 2376 1045 2429 31
1099 2371 1512 2427 interciderit
1561 2369 1684 2421 tibi
1734 2384 1901 2419 nunc

204 2455 468 2524 aliquid.
544 2452 962 2506 interciderit
999 2468 1122 2519 pro:
1165 2447 1431 2500 exciderit.
1547 2444 1576 2495 7
1628 2443 1763 2494 siue
1805 2442 1902 2493 est

324 2607 348 2646 1
383 2615 506 2645 sams
541 2600 602 2643 M
691 2604 716 2641 2
756 2599 898 2642 delere
929 2596 1074 2639 malui
1106 2607 1244 2650 quam
1274 2592 1487 2636 seribere:
1529 2603 1623 2633 non
1654 2587 1784 2641 dico,
1831 2585 1898 2628 in-

206 2662 322 2718 quit,
354 2660 528 2704 insanis
635 2664 661 2701 4
693 2658 940 2714 poedicam
974 2654 1036 2698 M
1140 2659 1165 2697 6
1208 2666 1266 2696 ne
1299 2650 1485 2703 addidi,
1525 2648 1713 2705 quidam
1742 2644 1898 2689 reddis

205 2721 487 2776 seripserunt
609 2722 635 2761 9
667 2718 775 2760 haec
814 2715 1004 2760 delenda
1034 2713 1267 2764 uidentur,
1300 2724 1401 2754 cum
1431 2710 1684 2764 repuynent
1713 2704 1901 2759 inferio-

205 2780 335 2824 ribus
375 2778 535 2822 Catius
575 2775 831 2833 Epicureus
873 2779 951 2818 etc.
1137 2777 1192 2816 10
1239 2784 1451 2826 epicurus
1485 2767 1558 2810 M.
1588 2766 1696 2821 fort.
1743 2764 1818 2807 hic
1862 2765 1905 2806 et

206 2839 338 2893 infra
379 2837 625 2895 Epicurius
794 2839 847 2877 15
889 2833 1016 2891 guile
1060 2831 1122 2874 M
1278 2828 1574 2873 criminantes
1620 2824 1753 2868 aiunt
1797 2834 1904 2866 nos:

208 2892 472 2941 criminanv'
508 2897 571 2939 M
691 2900 745 2939 16
777 2888 1081 2942 &affixum
1118 2889 1181 2933 Μ
1219 2888 1389 2944 Porph.
1436 2882 1698 2941 ἀταραξίαν
1724 2881 1904 2937 Ερωτι-

207 2970 386 3000 reorum
425 2960 466 3000 et
498 2951 718 2999 ἄπαθιάν
751 2952 1008 2996 Stoicorum
1047 2948 1280 2993 miscuisse
1309 2946 1496 2990 uidetur
1590 2946 1642 2986 17
1674 2941 1811 2985 barro
1846 2938 1909 2982 M

329 3021 383 3060 19
419 3029 658 3071 epicurum
689 3017 731 3056 et
762 3017 818 3056 20
853 3024 1029 3068 epicuri
1063 3009 1126 3051 M
1236 3010 1289 3049 22
1339 3006 1426 3050 sch.
1468 3019 1514 3048 u.
1547 3006 1576 3046 3
1603 3004 1707 3057 post
1736 3000 1825 3044 sch.
1856 3012 1902 3042 u.
1938 3018 1939 3049 1

208 3077 270 3120 12
304 3079 366 3118 est
395 3076 448 3118 in
481 3074 544 3116 M
633 3077 687 3116 23
720 3071 911 3115 meletes
946 3070 1009 3113 M
