1939 3197
502 101 799 145 EPISTULA
831 102 864 156 Ι,
900 106 938 156 7,
973 106 1160 155 59-10,
1197 105 1264 144 1ο.
1624 99 1733 152 277·

49 236 274 291 Carinae
299 238 447 290 locus
487 237 545 289 in
583 238 728 305 urbe,
760 237 853 288 ubi
886 243 939 288 et
960 235 1290 305 Pompeiana
1323 235 1525 288 domus.
1579 234 1733 289 Uer-

47 312 268 381 gilius:
307 310 528 363 Lautis
573 312 819 380 mugire
869 308 1135 363 Carinis.
1212 310 1352 363 foro
1393 308 1660 362 distare:
1702 329 1734 361 a

47 386 165 438 foro
212 386 374 453 longe
415 403 543 438 esse.
671 385 739 437 59
782 387 844 437 et
880 385 1048 436 ludis
1090 388 1151 436 et
1189 388 1335 453 post
1373 384 1589 436 decisa
1624 401 1732 436 ne-

48 459 225 528 gotia
265 477 438 527 camp
451 477 498 511 o.
575 462 628 510 et
665 459 753 510 hic
793 458 1242 510 subaudiendum:
1284 457 1621 528 gaudentem.

50 533 116 585 73
156 533 413 585 tandem
453 532 793 585 dormitum
834 532 1186 585 dimittitur
1225 532 1322 584 hic
1354 532 1454 585 ubi
1484 549 1659 599 saepe
1689 536 1777 584 655

46 607 256 674 reliqua.
341 607 680 676 allegoricos:
732 609 1020 675 postquam
1059 606 1429 675 frequentibus
1471 606 1614 658 cenis
1654 607 1733 657 in-

48 684 257 733 escatus
283 684 378 733 est.
470 681 540 733 92
565 681 671 749 pol
702 699 794 733 me
827 681 1139 733 miserum.
1195 681 1301 749 pol
1325 681 1407 732 ius
1433 680 1732 732 iurandum.

667 840 967 884 EPISTULA
999 847 1036 896 1,
1070 846 1110 884 s.

193 931 280 983 Ad
319 930 723 983 Albinouanum
771 929 1007 1000 Celsum,
1063 931 1146 983 cui
1196 930 1399 982 indicat
1454 931 1620 983 animi
1678 950 1731 983 se

49 1004 383 1074 aegritudine
444 1005 690 1057 laborare
751 1023 924 1074 neque
980 1005 1266 1073 quicquam
1329 1022 1535 1073 eorum,
1598 1023 1731 1074 quae
1757 1021 1800 1052 10

45 1082 192 1130 recta
231 1081 425 1146 essent,
464 1079 565 1131 sibi
603 1080 828 1146 placere.
946 1080 1014 1131 10
1055 1096 1269 1130 arcere
1308 1083 1601 1131 ueterno:
1642 1082 1735 1147 λη-

46 1155 270 1221 θαργία.
375 1153 440 1204 13
481 1156 631 1220 post
667 1153 822 1206 haec
860 1157 929 1205 ut
967 1154 1196 1205 ualeat.
1272 1171 1392 1221 pro:
1427 1171 1532 1222 quo
1558 1153 1733 1206 modo,

167 1291 172 1295 ι
200 1228 267 1279 14
313 1229 508 1295 utque
557 1227 834 1279 cohorti:
884 1227 1266 1280 adsessoribus,
1421 1228 1485 1278 17
1543 1231 1614 1279 ut
1666 1230 1734 1279 tu

45 1300 373 1352 fortunam
414 1301 503 1352 sic
543 1319 658 1353 nos
704 1304 764 1353 te
805 1300 987 1353 Oelse
1027 1301 1317 1353 feremus.
1394 1301 1629 1354 indicato
1671 1301 1734 1369 61,

46 1374 244 1443 inquit,
291 1377 344 1426 et
389 1375 726 1428 insusurrato
766 1377 800 1440 Τ
846 1375 1108 1443 futurum,
1155 1378 1215 1427 ut
1260 1375 1375 1444 ipse
1420 1375 1734 1428 felicitatem
1759 1388 1802 1422 15

46 1466 197 1500 suam
237 1451 290 1500 et
328 1466 639 1517 processum
677 1449 737 1500 in
773 1450 1063 1501 amicitiam
1088 1447 1278 1502 Claudi
1302 1467 1414 1502 non
1438 1450 1734 1502 insolenter

43 1523 241 1591 tulerit,
281 1522 358 1574 ita
397 1541 497 1574 nos
538 1541 750 1592 quoque
782 1527 1059 1592 tamquam
1091 1541 1203 1575 non
1234 1523 1490 1576 insolenti
1522 1523 1735 1576 futuros

56 1596 273 1649 amicos.
998 1639 1007 1641 i

670 1668 969 1713 EPISTULA
1000 1676 1038 1724 1,
1073 1674 1113 1714 9.

194 1758 281 1810 Ad
342 1757 629 1812 Neronem.
724 1758 1071 1828 Septimius
1129 1757 1357 1812 Claudi
1419 1760 1734 1812 nimirum.
1760 1774 1803 1807 20

48 1830 365 1900 Septimium
405 1834 634 1885 amicum
675 1853 829 1886 suum
867 1832 1075 1886 Neroni
1115 1834 1477 1903 commendat,
1526 1834 1590 1886 de
1631 1852 1734 1903 quo

47 1910 102 1958 et
138 1907 196 1958 in
236 1907 534 1959 carminum
571 1907 724 1960 libris
767 1906 1036 1977 Septimi
1077 1906 1273 1959 Gadis
1314 1908 1573 1960 aditure
1613 1926 1735 1960 me-

49 1998 184 2031 cum
225 1981 313 2031 ait.

656 2051 955 2095 EPISTULA
989 2058 1027 2108 1,
1064 2058 1132 2097 10.

195 2141 388 2194 Urbis
415 2145 760 2195 amatorem
784 2141 1069 2196 Fuscum.
1108 2142 1195 2195 Ad
1212 2143 1476 2196 Aristium
1501 2144 1734 2197 Fuscum
1759 2157 1801 2190 25

49 2215 364 2283 scriptorem
421 2216 829 2269 comoediarum.
968 2217 1001 2270 5
1055 2217 1260 2270 uetuli
1314 2218 1578 2287 notique
1633 2237 1734 2271 co-

47 2289 265 2358 lumbi,
328 2290 453 2358 quia
513 2291 775 2359 plurimus
839 2309 989 2344 amor
1051 2291 1433 2344 columbarum.
1565 2293 1604 2353 6
1666 2296 1735 2344 tu

46 2363 262 2415 nidum
310 2382 553 2416 seruas:
602 2365 747 2418 domi
792 2383 979 2418 manes
1025 2369 1086 2417 ut
1132 2366 1247 2419 auis
1287 2367 1344 2418 in
1383 2366 1526 2420 nido.
1667 2367 1735 2418 10

45 2441 241 2506 utque
282 2439 640 2492 sacerdotis
679 2439 1005 2509 fugitiuus
1044 2440 1178 2492 liba
1217 2458 1456 2493 recuso.
1534 2441 1623 2510 sic,
1654 2441 1747 2493 in·

169 2588 190 2625 1
224 2583 336 2626 Aen.
372 2589 412 2640 s,
445 2589 528 2629 361
653 2590 708 2628 22
744 2584 827 2630 Od.
864 2590 904 2641 2,
938 2591 977 2640 6,
1015 2592 1035 2628 1

167 2721 191 2759 2
224 2716 380 2761 laudis
412 2717 475 2760 M
585 2723 610 2762 5
643 2719 801 2763 lemma
833 2719 1079 2774 mispha-uit
1110 2718 1167 2762 H
1193 2718 1450 2774 Stephanus
1558 2724 1610 2761 11
1643 2719 1733 2763 sch.

48 2790 93 2819 u.
127 2780 187 2820 10
213 2779 317 2831 post
347 2776 436 2819 sch.
468 2791 513 2820 u.
546 2780 608 2821 13.
638 2779 689 2821 ἐπ
723 2778 786 2820 M
905 2783 958 2822 13
991 2779 1079 2822 sch.
1112 2792 1158 2821 u.
1191 2782 1255 2821 14
1282 2779 1520 2822 delendum
1549 2778 1744 2822 malamv-

168 2840 229 2878 142>
253 2834 444 2879 fortuna
474 2836 537 2879 M
637 2835 856 2881 iudicato·
879 2837 946 2880 M
1047 2842 1100 2881 15
1140 2836 1349 2880 futurum
1381 2837 1463 2880 del„
1495 2836 1734 2891 Hauthab;

44 2894 151 2948 fort.
182 2895 313 2950 9208&
347 2894 414 2938 ad-
438 2895 674 2939 insolitum
703 2897 1037 2952 immeratduum
1067 2897 1220 2951 futuri
1249 2896 1457 2940 indicato
1490 2900 1561 2939 est*
1581 2897 1659 2940 uel·
1684 2895 1743 2940 in.-

46 2966 206 2997 mrem
236 2954 369 2998 scrib.
479 2960 536 2999 16
565 2954 773 2999 amicitia
802 2957 903 3002 eod}
927 2955 1091 3001 Bam&
1124 2955 1231 2999 Aer.
1342 2961 1396 2999 25
1430 2955 1485 3011 cf.
1521 2956 1583 3002 ad
1604 2969 1735 3000 serm.

45 3016 90 3066 1,
121 3016 196 3068 10,
229 3016 290 3058 60
412 3017 468 3058 28
498 3014 708 3059 mmdum
743 3015 805 3058 M
923 3013 1240 3072 29vfug1t1bus
1274 3014 1337 3057 M
