1939 3197
671 120 789 164 ODE
823 120 880 174 11,
915 124 966 162 12
1002 120 1047 163 et
1082 123 1150 163 13.
1666 118 1736 170 63

56 257 309 308 irascenti
349 255 576 307 amatori
615 255 723 306 iam
764 255 965 306 scilicet
1004 253 1133 305 satis
1172 253 1347 304 facere
1388 253 1621 321 cupiens
1684 257 1738 305 et

55 334 230 382 totum
269 329 370 381 hoc
413 329 728 394 [otiositate]
769 329 905 379 mira
945 327 1162 396 energia
1201 344 1507 395 expressum
1546 330 1641 378 est.

743 486 861 530 oDE
897 491 937 542 2,
975 492 1042 531 13.

202 578 321 631 Ille
377 582 438 631 et
491 578 746 630 nefasto
800 580 837 629 t.
884 597 934 646 p.
984 578 1030 629 d.
1132 580 1435 629 exsecratur
1480 577 1582 629 hac
1622 571 1737 647 ᾥὸῗ

55 653 299 704 arborem
350 653 407 704 in
459 651 657 704 Sabino
711 652 884 720 agello
938 670 1059 719 suo,
1109 651 1251 719 quod
1292 669 1451 719 super
1490 650 1785 701 deambu-5

53 727 258 777 lantem
298 744 352 778 se
393 726 588 778 decidit
627 744 687 777 ac
726 743 896 793 paene
923 725 1201 792 oppressit.
1263 726 1519 776 nefasto
1561 727 1740 775 autem

56 798 186 852 enon
223 799 367 852 fasto
408 803 462 852 et
501 798 896 851 abominando'.
1010 799 1044 849 2
1085 801 1145 850 et
1193 798 1515 866 sacrilega
1553 815 1740 848 manu

53 892 103 941 p.
144 892 188 924 a.
265 874 515 926 uocatiuo
556 891 681 924 casu
722 873 902 940 accipe
943 872 1153 940 arbos7
1191 871 1294 924 hoc
1336 875 1416 922 est
1456 871 1505 923 <O
1547 869 1740 923 arbos'.

167 947 214 998 3.
263 948 452 1000 arbos
502 988 511 997 .
554 988 563 997 .
593 948 737 1014 196192‘.
813 947 974 1014 belle,
1022 945 1176 1013 quasi
1215 945 1281 996 ad
1320 946 1464 996 illius
1503 944 1740 1013 regionis

53 1020 331 1072 infamiam
370 1021 675 1088 pertineret,
715 1021 959 1072 arborem
1001 1038 1155 1071 suum
1197 1020 1298 1071 sibi
1338 1019 1613 1072 dominum
1647 1037 1739 1086 op·
1765 1035 1807 1065 10

52 1095 324 1163 pressisse.
439 1096 471 1146 6
524 1098 584 1146 et
629 1095 995 1162 penetralia
1044 1094 1363 1161 sparsisse
1419 1096 1739 1145 nocturno

55 1186 96 1220 c.
142 1168 438 1237 hospitis.
522 1168 735 1234 hospitis
785 1168 867 1220 sui
918 1168 1216 1236 penetralia
1255 1185 1440 1219 cruore
1482 1167 1740 1235 sparsisse

52 1242 158 1293 hoc
195 1246 276 1293 est
320 1242 589 1310 hospitem
635 1243 694 1293 in
742 1243 899 1294 domo
941 1260 1038 1294 sua
1076 1241 1423 1293 interfecisse.
1555 1241 1585 1292 8
1626 1240 1739 1291 ille

57 1317 159 1381 [et]
200 1334 446 1367 uenena
486 1314 732 1368 Colcha.
796 1314 1119 1383 Colchica,
1158 1315 1347 1383 inquit,
1387 1314 1510 1382 quia
1550 1313 1742 1365 Medea

55 1387 267 1441 Colchis
307 1389 424 1458 fuit,
464 1408 624 1457 quain
667 1408 930 1441 suminam
969 1389 1262 1441 ueneficam
1294 1389 1459 1440 fuisse
1484 1388 1740 1439 historiae
1765 1403 1808 1434 15

56 1462 381 1514 Graecorum
433 1463 668 1514 tradunt.
810 1464 877 1514 14
931 1463 995 1514 in
1045 1463 1252 1514 horas.
1307 1462 1535 1513 nauita
1593 1460 1741 1513 Bos-

53 1536 322 1604 phorum
360 1536 611 1589 Poenus
650 1537 820 1605 perh.
912 1536 997 1588 his
1038 1540 1106 1604 et,
1146 1555 1280 1604 quae
1322 1536 1561 1587 subiecta
1602 1537 1743 1603 sunt,

55 1610 324 1679 significat
362 1628 794 1678 unumquemque
833 1611 1113 1662 hominum
1153 1628 1266 1662 non
1305 1610 1414 1661 fere
1446 1609 1746 1677 periculum

53 1685 240 1736 timere
288 1685 393 1736 nisi
441 1703 561 1736 cum
608 1685 882 1752 proximus
923 1685 1014 1752 sit,
1064 1702 1253 1736 uerum
1292 1687 1475 1735 tamen
1513 1684 1742 1751 plerum-

56 1776 157 1826 que
212 1776 275 1809 ex
331 1759 608 1826 inprouiso
667 1759 810 1810 mala
867 1759 1148 1826 inopinata
1201 1757 1526 1811 interuenire
1583 1760 1742 1825 atque
1768 1773 1811 1804 20

56 1832 369 1900 opprimere.
466 1833 533 1884 14
557 1833 621 1884 in
653 1832 858 1884 horas.
890 1832 1114 1884 nauita
1152 1831 1554 1900 Bosphorum
1589 1830 1743 1882 Poe-

54 1923 171 1957 nus
221 1906 677 1974 perhorrescit.
777 1905 1090 1974 Bosphorus
1136 1906 1320 1958 fauces
1371 1907 1497 1957 sunt
1535 1905 1745 1956 Pontici

54 1980 240 2048 1113118,
279 1980 420 2031 unde
459 1980 774 2048 longissime
813 1979 1001 2032 Africa
1041 1983 1136 2031 est.
1222 1979 1349 2047 quid
1403 1980 1480 2030 ita
1530 1978 1744 2030 Poenus

53 2054 241 2105 nauita
289 2071 410 2105 eum
455 2054 865 2121 perhorrescat?
925 2053 1187 2121 numquid
1234 2071 1362 2122 ergo
1402 2051 1745 2119 Bosphorum

54 2144 152 2194 pro
194 2127 433 2194 quolibet
470 2128 609 2179 freto
649 2126 868 2194 posuit?
921 2126 1060 2178 freta
1100 2129 1280 2178 autem
1320 2128 1551 2195 angusta
1575 2125 1744 2177 maria
1768 2142 1812 2173 25

56 2199 325 2252 concitata
373 2203 514 2252 sunt.
608 2201 787 2252 omnia
834 2203 1013 2252 autem
1063 2200 1201 2252 freta
1252 2219 1283 2252 a
1340 2201 1551 2252 feruore
1603 2199 1745 2251 dicta

56 2273 444 2326 existimantur.
521 2275 589 2326 21
622 2292 803 2342 quam
833 2292 1034 2342 paene
1065 2274 1294 2326 furuae
1326 2293 1367 2326 r.
1399 2273 1456 2325 P.
1518 2273 1743 2325 furuae

56 2345 282 2416 enigrae'
323 2348 613 2417 significat,
664 2348 803 2400 unde
843 2348 988 2400 furta
1025 2351 1222 2417 putant
1261 2348 1429 2415 dicta,
1469 2347 1611 2415 quod
1649 2364 1745 2415 per

56 2421 330 2489 nigrorem
385 2423 521 2473 aeris
568 2422 622 2473 id
670 2425 750 2474 est
796 2423 1046 2474 tenebras
1093 2423 1322 2474 maxime
1372 2421 1522 2472 fiant.
1673 2421 1742 2472 23

59 2495 368 2563 sedesque
418 2496 777 2564 descriptas
824 2497 1092 2565 piorum.
1171 2496 1532 2562 descriptas
1568 2494 1623 2546 id
1663 2496 1745 2545 est
1768 2510 1812 2542 30

177 2674 201 2712 2
235 2671 478 2713 ociositate
520 2670 601 2724 M,
647 2672 1094 2727 iuteopretccmeoztzcm
1132 2672 1262 2714 uerbi
1304 2668 1546 2726 ‘energia’
1591 2680 1673 2711 om.
1716 2682 1744 2722 ς

56 2728 113 2782 cf.
147 2729 208 2771 ad
240 2730 309 2773 od.
343 2733 390 2783 2,
421 2733 463 2784 1,
495 2733 555 2773 1¹7
676 2743 920 2786 expresum
953 2730 1016 2773 M
1145 2735 1168 2773 7
1203 2729 1357 2773 fausto
1392 2744 1420 2782 ς
1549 2731 1574 2770 9
1609 2726 1743 2770 arbos

55 2787 177 2831 uelle
211 2787 275 2830 M
373 2793 427 2831 10
459 2788 550 2831 sibi
583 2789 645 2831 M
651 2806 664 2831 :
696 2789 875 2833 scilicet
908 2804 936 2844 ς
967 2789 1024 2843 cf.
1059 2789 1121 2832 ad
1151 2790 1222 2832 od.
1254 2793 1329 2841 18,
1365 2792 1428 2831 29
1531 2791 1583 2828 11
1617 2798 1744 2841 spar-

57 2859 146 2889 Sise
180 2881 190 2891 .
225 2880 234 2889 .
266 2847 476 2902 hospites
511 2848 574 2890 M
601 2848 807 2892 colchica
840 2848 901 2891 M
1022 2853 1075 2891 16
1107 2848 1346 2891 bosforum
1380 2846 1442 2888 M
1555 2851 1607 2888 19
1640 2857 1744 2900 pro-

54 2903 232 2948 ximum
266 2921 294 2960 ς
394 2911 449 2950 20
483 2905 634 2962 adque
668 2907 731 2950 M
826 2912 879 2950 21
914 2906 1151 2951 bosforum
1182 2920 1358 2962 poenus
1393 2904 1456 2946 M
1551 2909 1606 2946 22
1639 2903 1744 2946 bos-

55 2962 206 3007 forum
238 2964 395 3008 fauces
429 2965 492 3007 M
610 2970 664 3008 23
698 2967 780 3009 est.
814 2965 928 3021 quid
959 2966 1028 3010 ita
1059 2979 1165 3009 nos:
1198 2967 1270 3009 sit.
1306 2963 1431 3019 quod
1463 2964 1533 3006 ita
1566 2963 1629 3005 M

58 3025 115 3066 24
146 3023 382 3068 bosforum
416 3024 480 3067 M
567 3029 620 3068 27
654 3038 773 3081 pene
807 3025 871 3067 M
