1939 3197
745 69 994 114 EPODON
1029 75 1096 114 17.
1313 81 1330 85 -
1659 72 1763 125 175

81 209 142 257 et
180 204 575 258 uerecundus
617 206 809 257 color.
904 205 1005 256 sibi
1045 206 1175 258 dicit
1213 205 1472 258 Horatius
1512 207 1643 259 haec
1683 209 1762 260 fu-

80 279 222 348 gisse
245 297 340 347 per
376 279 684 347 cruciatum,
725 297 880 347 quem
907 279 970 330 de
998 280 1322 332 carminibus
1346 280 1488 331 illius
1514 282 1762 348 patiatur.

78 353 438 405 uerecundum
477 355 657 404 autem
697 353 928 405 colorem
968 355 1241 424 eleganter
1272 372 1368 421 pro
1399 353 1591 406 rubore
1618 355 1764 423 dixit,

80 444 143 477 ex
202 444 305 494 quo
362 426 630 495 significat
685 445 739 478 se
793 428 1007 495 pallere.
1168 428 1237 479 23
1292 428 1421 479 tuis
1486 428 1763 496 capillus

80 500 260 551 albus
309 503 405 552 est
451 500 770 553 odoribus.
871 519 1013 553 nunc
1069 501 1326 569 ostendit,
1382 520 1544 569 quare
1601 520 1806 570 supras

79 573 271 625 dixerit
308 574 481 643 fugit
520 575 832 627 iuuentas.
939 576 1010 627 24
1049 576 1297 627 nullum
1339 594 1370 626 a
1408 576 1628 627 labore
1669 594 1760 627 me

75 648 354 699 reclinat
394 648 606 700 otium.
671 649 912 701 laborem
952 650 1116 701 animi
1155 650 1274 700 uult
1312 650 1568 718 intellegi,
1609 651 1761 717 quasi

78 721 396 789 quibusdam
420 723 704 775 tormentis
731 723 895 774 animi
919 741 1014 791 per
1038 722 1297 775 ueneficia
1320 723 1461 774 illius
1482 723 1759 775 crucietur.

187 795 258 847 25
282 814 481 864 neque
516 799 613 847 est
644 797 859 848 leuare
892 800 1071 848 tenta
1102 796 1336 864 spiritu
1365 797 1759 864 praecordia.

72 868 305 937 figurata
345 870 572 922 elocutio
621 888 822 938 neque
875 874 971 922 est
1008 871 1223 921 leuare
1262 889 1384 938 pro:
1426 888 1598 938 neque
1639 888 1759 922 con·
1786 892 1826 922 10

72 942 237 1012 tingit
275 945 336 994 ut
374 944 634 996 leuentur.
751 946 820 996 28
863 942 1120 995 Sabella
1159 947 1382 1011 pectus
1423 944 1758 1011 increpare

74 1017 372 1068 carmina.
464 1017 611 1087 ipsis,
650 1019 841 1087 inquit7
881 1018 1036 1069 malis
1079 1019 1338 1070 adductus
1381 1037 1513 1085 sum,
1552 1020 1612 1069 ut
1652 1036 1757 1069 cre-

74 1090 196 1141 dam
236 1089 461 1143 Sabellis
509 1092 834 1144 carminibus
883 1092 1041 1161 defigi
1080 1095 1287 1143 mentes
1325 1092 1607 1143 humanas,
1669 1090 1759 1143 Sa-

72 1164 212 1215 bella
252 1167 431 1216 autem
472 1166 708 1217 carmina
747 1184 843 1234 pro
869 1165 1062 1217 Marsis
1094 1166 1275 1249 posuit
1315 1169 1368 1217 et
1405 1166 1622 1217 neniam
1660 1184 1756 1233 pro

71 1238 452 1290 incantatione.
515 1240 752 1308 alioquin
775 1240 937 1291 nenia
968 1240 1180 1308 proprie
1224 1257 1437 1291 carmen
1478 1241 1572 1306 est,
1614 1239 1754 1306 quod
1781 1259 1822 1292 15

71 1312 296 1363 mortuis
324 1316 585 1364 cantatui.
679 1315 749 1365 35>
786 1314 954 1365 cales
994 1314 1263 1365 uenenis
1306 1313 1575 1365 officina
1616 1311 1756 1364 Col-

72 1385 288 1438 chicis.
350 1387 525 1454 ipsam
565 1388 840 1439 mulierem
881 1387 1150 1439 officinam
1189 1405 1520 1439 uenenorum
1562 1387 1755 1438 diserte

71 1459 217 1511 dixit.
280 1459 543 1513 Colchicis
570 1464 748 1512 autem
773 1461 1119 1513 manifestum
1154 1465 1233 1513 est
1267 1465 1487 1529 propter
1510 1460 1756 1512 Medeam

71 1533 188 1585 dici.
327 1535 397 1586 36
446 1553 602 1603 quae
653 1535 811 1587 finis
853 1538 961 1587 aut
1001 1535 1166 1603 quod
1206 1554 1296 1586 me
1337 1538 1564 1586 manet.
1642 1534 1754 1585 sti-

69 1608 369 1674 pendium
409 1609 561 1678 quasi
599 1609 863 1661 tributum
903 1610 1021 1660 uult
1051 1610 1308 1678 intellegi,
1350 1608 1491 1676 quod
1533 1611 1755 1676 apparet
1778 1628 1821 1659 20

75 1700 139 1732 ex
178 1700 262 1750 6ο,
312 1683 453 1750 quod
494 1683 679 1734 statim
717 1683 882 1734 infert
921 1683 1129 1735 iussas
1172 1702 1306 1734 cum
1345 1683 1474 1733 fide
1514 1700 1754 1750 poenas

69 1756 252 1808 luam.
328 1757 401 1808 42
432 1757 692 1808 infamis
717 1756 999 1808 Helenae
1030 1755 1258 1809 Castor
1292 1757 1581 1809 offensus
1614 1757 1754 1807 uice

71 1832 124 1880 et
170 1832 361 1882 cetera.
440 1829 805 1883 Stesichorum
853 1832 1004 1883 aiunt
1051 1834 1390 1883 excaecatum
1431 1849 1560 1898 esse,
1612 1829 1754 1898 quod

70 1903 293 1955 infamia
333 1905 573 1956 carmina
606 1906 663 1956 in
701 1904 964 1956 Helenam
1003 1905 1233 1957 fecisset.
1308 1905 1496 1956 deinde
1538 1903 1752 1955 oraculo

70 1977 403 2029 admonitum
427 1979 757 2046 palinodiam
781 1979 967 2030 fecisse
1000 1978 1055 2030 id
1090 1982 1171 2030 est
1210 1978 1477 2030 contrario
1519 1977 1752 2029 carmine
1777 1996 1819 2027 25

71 2068 187 2101 eam
241 2051 486 2103 laudasse
543 2055 595 2103 et
640 2053 844 2103 lumina
891 2053 1167 2120 recepisse.
1319 2051 1390 2104 45
1440 2051 1614 2103 solue
1661 2068 1752 2102 me

69 2124 404 2176 dementia.
464 2126 592 2178 ordo
635 2129 736 2177 est:
779 2127 926 2178 solue
966 2144 1050 2177 me
1092 2126 1373 2178 dementia.
1435 2143 1561 2177 nam
1602 2127 1656 2176 et
1694 2127 1751 2176 tu

66 2201 236 2266 potes,
387 2200 457 2251 46
508 2219 537 2252 o
585 2218 697 2251 nec
745 2200 1036 2268 paternis
1086 2200 1384 2252 obsoleta
1439 2198 1750 2251 sordibus

66 2272 425 2324 urbanissima
490 2274 711 2326 obscure
774 2274 965 2326 dicitur
1032 2273 1227 2341 ironia3
1297 2274 1354 2324 in
1424 2273 1751 2325 contrarium

65 2364 297 2415 namque
345 2348 654 2416 accipienda
700 2347 845 2400 haec.
946 2349 1064 2417 quis
1116 2348 1260 2399 enim
1300 2348 1376 2399 sic
1415 2347 1621 2415 laudat,
1661 2346 1752 2413 qui
1775 2364 1817 2395 30

68 2420 379 2488 simpliciter
426 2423 560 2491 agit:
612 2441 641 2474 o
693 2441 827 2490 quae
874 2439 986 2474 non
1041 2440 1096 2473 es
1144 2421 1344 2474 sordidi
1391 2421 1602 2490 generis
1652 2437 1751 2471 nec

70 2512 193 2545 ossa
238 2494 475 2547 humana
524 2496 591 2548 ad
637 2496 898 2548 maleficia
950 2496 1156 2565 colligis
1197 2498 1250 2547 et
1287 2495 1529 2564 reliqua?
1680 2494 1748 2545 48

185 2630 210 2666 2
245 2632 454 2668 cruatum
488 2629 547 2682 (01
577 2641 633 2670 9η.
666 2632 710 2672 2.
745 2641 778 2670 S.
813 2629 859 2684 l.)
893 2632 933 2670 et
965 2633 990 2671 8
1024 2627 1198 2671 0111807111·
1233 2627 1295 2669 Μ
1382 2631 1406 2669 9
1439 2626 1599 2668 lauare
1633 2624 1695 2666 M

69 2689 122 2727 10
158 2685 357 2740 contigit
389 2685 451 2727 M
571 2692 623 2729 13
658 2687 856 2730 sabellos
884 2687 947 2729 M
1066 2692 1118 2730 16
1152 2685 1358 2729 cholchis
1386 2686 1448 2727 M
1567 2688 1618 2726 17
1644 2686 1751 2737 post

67 2743 272 2786 cholch1s
303 2744 487 2787 uidetur
522 2759 638 2788 cinis
669 2747 721 2788 in
754 2747 815 2788 M
843 2746 1061 2801 scriptum
1093 2759 1182 2789 esse
1316 2750 1369 2788 18
1404 2742 1652 2787 cholchicls

68 2802 271 2845 medium
304 2802 418 2846 dicit
452 2804 514 2846 M
633 2810 685 2847 19
720 2819 809 2860 que
844 2806 906 2847 M
1024 2811 1078 2848 21
1111 2818 1255 2861 penas
1289 2805 1351 2846 M
1453 2807 1507 2845 23
1543 2801 1750 2844 st&1cho-

65 2876 168 2903 rum
202 2862 267 2904 M
383 2869 652 2906 excecatum
686 2864 748 2906 M
866 2869 919 2908 26
953 2877 1015 2907 re·
1049 2877 1252 2919 coepisse
1288 2863 1350 2906 M
1453 2866 1508 2904 28
1541 2860 1750 2903 obseleta

68 2920 131 2962 M
249 2925 303 2964 29
338 2921 645 2965 urbamssnne
678 2923 873 2967 obscure
907 2924 970 2966 M
998 2923 1306 2966 urbanissima
1338 2922 1529 2965 obscure
1561 2933 1643 2962 snos
1674 2934 1748 2961 ur-

69 2978 320 3023 banissime
354 2981 550 3024 obscura
582 2996 610 3036 ς
