1939 3197
137 95 245 148 298
637 95 935 142 EPISTULA
966 98 999 153 Ι,
1037 103 1103 154 18,
1136 104 1325 143 37—52.

138 234 352 302 populo
469 233 535 285 37
580 252 881 285 areanum
920 251 1121 302 neque
1161 238 1229 286 tu
1270 254 1307 288 s,
1340 235 1490 288 bene.
1538 254 1663 288 mox
1689 235 1834 288 enim

139 307 280 359 dicet
319 308 555 359 eiusdem
596 326 709 359 esse
750 307 973 376 prodere
1015 309 1314 378 commissa,
1354 310 1502 362 ouius
1544 313 1598 361 et
1638 327 1833 362 aroana

137 382 441 450 perquirere
483 399 544 433 ae
586 382 718 433 seire
766 383 918 433 uelle.
1035 383 1104 434 38
1178 385 1238 434 et
1291 383 1440 436 uino
1504 386 1716 436 tortus
1773 387 1837 435 et

139 455 256 523 ira,
313 455 437 523 quia
485 455 673 507 uinum
714 458 767 507 et
805 455 886 507 ira
924 458 1196 508 tormenta
1237 460 1384 526 sunt,
1448 458 1640 526 quibus
1681 457 1839 509 multi

95 540 115 573 5
141 529 302 580 etiam
341 529 501 580 inuiti
543 532 748 581 secreta
787 529 1055 582 fuderunt.
1155 531 1223 583 39
1265 549 1377 582 neo
1416 535 1527 583 tua
1568 531 1702 600 [qui]
1735 531 1838 583 hoo

137 603 331 655 uitium
370 603 659 655 iactantiae
701 607 796 656 est.
853 605 1064 656 aliena
1104 605 1469 673 reprendes„
1510 606 1703 657 uitium
1744 605 1833 656 ob-

138 678 444 729 trectatoris
486 680 581 729 est.
695 679 767 730 40
822 696 935 731 nee
984 696 1118 730 cum
1167 679 1392 731 uenari
1431 680 1552 731 uol.
1594 679 1837 731 odiosum

139 750 282 802 enim
336 751 468 803 facit
517 752 883 820 inportunitas
938 754 1236 805 uoluntatis
1290 757 1343 805 et
1396 753 1678 805 diuersitas
1727 755 1835 804 stu-

140 823 364 876 diorum.
478 826 547 877 41
603 827 813 895 gratia
867 827 954 878 sio
994 827 1284 879 fratrum.
1363 827 1488 879 dum
1531 827 1667 879 alter
1707 827 1835 878 alte-

73 912 114 944 10
138 917 258 950 rum
313 899 552 967 sequitur
608 900 859 953 studium.
939 901 1080 969 quod
1137 902 1181 953 si
1219 901 1449 953 fratrum
1497 908 1550 953 et
1597 901 1837 970 gemino-

137 991 257 1023 rum
298 973 474 1041 gratia
500 974 574 1025 sio
601 973 845 1042 dissiluit,
872 975 997 1043 quid
1023 978 1076 1026 te
1101 975 1344 1027 futurum
1370 979 1464 1043 est,
1498 975 1838 1027 adsectator?

287 1047 359 1098 42
431 1047 630 1099 donec
710 1052 1009 1116 suspecta
1073 1067 1312 1101 seuero.
1414 1049 1642 1100 Zethum
1706 1048 1836 1100 dicit

139 1138 349 1172 osorem
390 1122 556 1188 lyrae.
632 1123 680 1173 32‘
717 1122 981 1188 Amphion
1021 1121 1051 1149 ›÷
1084 1121 1114 1149 >a-
1155 1124 1294 1190 Zyrae
1334 1122 1674 1190 studiumque
1715 1140 1836 1190 pro-

137 1194 287 1261 iecit,
340 1196 492 1247 tanto
544 1196 717 1264 magis
773 1199 826 1247 te
867 1196 1121 1248 conuenit
1159 1197 1359 1265 potiori
1399 1197 1570 1249 amico
1612 1213 1837 1248 consen-

73 1280 115 1314 15
138 1267 241 1319 tire
282 1271 442 1337 atque
483 1270 616 1321 idem
655 1270 807 1321 uelle.
921 1270 994 1322 45
1045 1270 1300 1322 lenibus
1341 1271 1633 1339 imperiis
1674 1288 1836 1338 quam

138 1340 525 1410 πειθανάγκην
565 1342 755 1395 Graeci
794 1348 1015 1413 uocant,
1064 1363 1185 1396 eum
1226 1345 1317 1413 qui
1355 1347 1537 1414 potest
1576 1344 1838 1413 imperare

137 1416 427 1469 blanditur.
542 1417 614 1470 45
676 1418 945 1486 quoties.
1024 1419 1258 1487 quotieS,
1313 1419 1511 1487 inquit,
1566 1418 1840 1487 parauerit

138 1490 214 1540 ire
254 1493 527 1543 uenatum.
627 1493 698 1544 46
741 1490 1101 1560 Calydonium
1142 1512 1331 1561 aprum
1370 1492 1569 1545 nobilis
1610 1495 1840 1544 uenator

141 1564 370 1631 excepit3
412 1565 536 1617 inde
564 1583 691 1635 ergo
719 1566 998 1634 epitheton
1030 1567 1159 1618 feeit
1183 1566 1458 1635 Horatius,
1498 1570 1558 1618 ut
1582 1565 1838 1618 Aetolis

73 1652 117 1683 20
140 1638 343 1690 retibus
387 1637 479 1690 ‘ad
505 1658 663 1708 apros
696 1639 882 1692 faotis'
923 1641 1317 1711 intellegamus
1432 1642 1501 1693 47
1546 1657 1735 1709 surge
1776 1644 1840 1691 et

137 1711 525 1765 inhumanae
582 1715 842 1765 senium.
919 1714 1307 1766 inhumanae
1364 1713 1678 1767 Camenae
1726 1732 1840 1766 non

139 1788 221 1837 est
257 1790 576 1854 perpetuum
625 1788 928 1857 epitheton,
984 1789 1075 1840 sed
1126 1789 1417 1840 inhumane
1474 1806 1596 1840 eum
1648 1788 1840 1856 aspicit

137 1859 246 1910 iam
314 1860 492 1912 laedit.
637 1863 707 1914 48
785 1863 1120 1930 pulmenta
1196 1863 1533 1915 laboribus
1613 1865 1837 1930 empta.

140 1934 377 1985 suauiter
428 1935 696 2005 significat
748 1936 894 1988 cibos
943 1939 996 1988 et
1035 1937 1290 2004 praedam
1331 1955 1394 1988 ex
1432 1938 1649 1988 uenatu,
1764 1936 1834 1987 49

72 2019 115 2052 25
139 2007 443 2060 Romanis
508 2010 805 2062 solemne.
907 2010 973 2062 ab
1035 2010 1265 2063 honesto
1337 2011 1455 2062 uult
1516 2009 1836 2079 persuadere

138 2082 378 2134 laborem
410 2084 718 2137 uenatioum
750 2103 863 2137 non
896 2084 1314 2136 detrectandum.
1429 2085 1501 2136 50
1539 2084 1838 2152 uitaeque

139 2158 200 2206 et
237 2157 553 2209 membris,
629 2158 733 2210 hoo
774 2159 841 2211 ab
881 2159 1001 2210 utili
1035 2162 1310 2227 sumptum
1343 2161 1438 2211 est.
1546 2158 1618 2210 50
1656 2175 1837 2226 prae-

140 2230 361 2282 sertim
403 2249 539 2283 cum
578 2233 817 2284 ualeas:
859 2251 890 2283 a
928 2232 1188 2300 possibili.
1304 2233 1374 2285 52
1416 2232 1571 2284 adde
1617 2231 1839 2283 uirilia

140 2304 305 2371 quod
361 2306 734 2372 speciosius
819 2306 905 2358 hio
962 2306 1197 2358 ostendit
1251 2309 1407 2374 turpe
1461 2323 1576 2358 esse
1633 2322 1838 2358 cessare

260 2498 285 2536 5
319 2493 462 2537 etiam
493 2509 599 2538 9208:
632 2509 755 2539 emm
790 2496 852 2538 M
924 2497 1074 2539 inuita
1109 2496 1171 2538 M
1243 2510 1323 2551 qui
1355 2496 1503 2539 delmi
1535 2495 1594 2549 cf.
1629 2494 1689 2538 E.
1723 2498 1770 2547 2,
1794 2499 1838 2550 1,

138 2556 228 2596 110
322 2558 346 2596 6
378 2553 633 2597 iactantiae
667 2556 737 2598 est
767 2569 871 2598 nos:
912 2559 1139 2600 iacentem
1174 2555 1197 2598 e
1236 2555 1297 2597 M
1385 2553 1686 2611 reprehend1s
1720 2553 1783 2596 M

138 2610 329 2655 uitium:
362 2627 522 2655 umum
556 2613 618 2655 M
708 2618 732 2656 7
766 2628 918 2658 uener.
953 2628 994 2657 a.
1030 2614 1092 2656 M
1181 2620 1206 2658 9
1241 2613 1463 2657 alterum:
1495 2614 1653 2657 utrum
1687 2613 1750 2656 M
1778 2612 1837 2666 ef.

139 2670 200 2715 E.
233 2674 282 2724 2,
315 2675 356 2726 1,
392 2675 464 2715 59.
497 2676 539 2725 1,
573 2676 648 2725 18,
682 2676 738 2715 61
837 2679 889 2717 10
923 2686 1165 2730 geniorum
1199 2673 1262 2715 M
1375 2677 1426 2716 11
1462 2672 1588 2728 quod
1615 2708 1624 2716 .
1652 2707 1661 2715 .
1695 2685 1744 2715 es
1779 2671 1843 2714 M

262 2735 314 2773 12
348 2729 539 2774 beatum
571 2730 713 2774 dleito
756 2745 959 2775 sororem
994 2732 1056 2775 M
1168 2736 1223 2775 14
1262 2733 1417 2788 potior
1451 2731 1513 2774 M
1627 2735 1680 2774 15
1713 2730 1838 2774 idem

141 2789 319 2842 addidi,
353 2791 494 2845 atque
526 2789 649 2834 belle
685 2790 892 2834 ‘lenibus
926 2795 1001 2836 etc.
1037 2791 1250 2834 Hauthal
1375 2796 1428 2835 16
1475 2785 1835 2838 ΠΙΘὸΝὸΕΚΗΝ

143 2847 206 2888 Μ
294 2861 399 2891 oum
432 2847 512 2904 qui
543 2862 648 2892 nos.-
695 2848 776 2904 qui
807 2863 912 2892 cum
947 2851 1010 2892 M
1015 2866 1030 2902 ‚·
1064 2851 1186 2906 ..post
1220 2850 1281 2892 M
1385 2854 1440 2892 22
1474 2848 1555 2893 sed
1585 2848 1837 2892 inhumane

142 2918 248 2948 eum
280 2906 471 2962 aspicit,
504 2907 585 2963 qui
616 2921 718 2951 eam
751 2907 898 2952 laedit
931 2924 959 2963 ς
1052 2914 1109 2952 24
1141 2922 1268 2952 omos
1302 2907 1584 2965 expraedam
1615 2907 1838 2950 exsenatu

143 2963 220 3064 Mi·
269 2966 332 3065 Iex}
367 2979 471 3019 nos,
528 2980 628 3011 esse
663 2965 839 3019 Christ,-
894 2969 1067 3011 uenatu
1097 2981 1180 3010 ⁹203
1301 2972 1357 3011 25
1403 2967 1595 3011 honeste
1630 2965 1693 3008 M
1779 2969 1835 3009 28

138 3035 200 3064 ua
225 3056 232 3065 .
