1939 3197
77 911 119 942 10

78 1279 119 1311 15

77 1649 120 1681 20

78 2017 120 2049 25

77 2386 120 2417 30

146 98 213 152 76
843 96 962 141 ODE
1000 97 1077 153 ΙΙΙ,
1113 103 1151 141 1.

144 237 196 287 εὴ
242 234 505 286 maximos
552 233 721 286 isdem
770 232 1169 285 conditionibus
1209 233 1353 285 uitae
1396 233 1664 286 subiectos
1705 251 1840 286 6886.

292 308 325 360 9
378 311 475 360 est
528 310 599 359 ut
651 306 795 359 uiro
850 306 951 357 uir
1003 306 1202 359 latius
1258 306 1515 359 ordinet
1569 307 1842 359 arbusta

145 382 342 434 sulcis
392 385 446 433 et
490 381 710 448 reliqua.
810 398 905 448 per
950 379 1083 432 haec
1131 381 1367 433 ostendit
1407 381 1583 432 studia
1622 381 1841 449 quidem

143 458 197 507 et
244 456 442 525 gradus
487 455 757 507 honorum
805 456 859 505 et
904 472 1080 506 mores
1122 455 1334 507 diuersa
1374 473 1488 506 esse
1527 455 1838 508 hominibus

146 530 510 582 conditionem
548 532 731 580 tamen
771 528 1117 580 mortalitatis
1155 547 1323 580 unam
1362 546 1490 580 esse.
1629 529 1696 581 10
1734 528 1838 580 hic

147 600 271 673 [in]
327 602 704 672 generosior
756 601 1105 654 descendat
1153 603 1219 653 in
1266 620 1307 654 6.
1355 622 1404 671 Ρ.
1492 601 1837 654 candidatum

143 676 561 746 magistratuum
577 676 934 745 petendorum
953 676 1234 745 significat.
1302 677 1371 728 14
1396 694 1597 744 aequa
1619 677 1760 746 lege
1785 694 1839 728 n.

143 750 523 803 necessitas:
574 750 951 802 necessitatem
999 753 1227 802 mortem
1269 750 1417 819 dixit,
1457 751 1583 818 quia
1620 768 1838 802 necesse

146 825 216 876 sit
254 825 404 877 mori.
548 825 615 876 16
658 843 840 877 omne
882 842 1080 892 capax
1130 827 1344 876 mouet
1389 842 1551 876 urna
1596 842 1839 877 nomen.

142 898 275 950 haec
331 898 623 951 secundum
675 899 984 967 opinionem
1034 899 1184 949 illam
1236 899 1519 968 uulgarem
1574 898 1839 967 dicuntur,

144 991 249 1041 qua
289 973 602 1024 adfirmatur
642 975 784 1025 sorte
826 972 1015 1024 ductos
1055 972 1122 1023 ad
1154 975 1383 1024 mortem
1417 973 1484 1024 ab
1512 971 1649 1025 Orco
1681 971 1842 1024 trahi.

259 1047 324 1099 17
368 1046 721 1098 destrictus
763 1047 935 1098 ensis
977 1064 1017 1098 6.
1060 1065 1097 1098 s
1138 1047 1170 1098 i.
1211 1065 1251 1098 c.
1291 1066 1342 1129 p
1403 1065 1499 1114 per
1524 1046 1839 1115 allegoriam

145 1120 413 1189 significat
459 1121 731 1172 neminem
776 1121 1007 1172 libenter
1057 1139 1214 1188 posse
1254 1121 1437 1172 uiuere
1479 1120 1570 1188 qui
1609 1123 1839 1188 metuat·

146 1197 199 1245 et
239 1194 468 1262 sumpsit
507 1195 565 1245 in
605 1195 907 1262 exemplum
941 1194 1271 1262 Damoclem,
1313 1212 1473 1262 super
1513 1212 1670 1262 quem
1709 1193 1842 1246 Dio-

145 1268 334 1335 nysius
377 1266 589 1320 Siciliae
628 1271 897 1336 tyrannus
939 1271 1053 1320 seta
1094 1268 1333 1337 gladium
1375 1268 1655 1336 suspendit
1694 1270 1841 1319 ante-

144 1342 334 1409 positis
387 1342 558 1410 epulis
612 1360 773 1410 quam
826 1342 1167 1410 amplissimis
1221 1344 1274 1394 et
1325 1343 1538 1409 ceteris,
1586 1360 1721 1409 quae
1773 1341 1842 1394 ad

144 1416 481 1484 uoluptatem
522 1416 731 1468 animos
773 1434 999 1468 auocare
1034 1416 1269 1484 possint3
1308 1434 1403 1484 per
1437 1434 1572 1484 quae
1606 1415 1844 1468 ostendit

146 1489 392 1541 similiter
438 1491 644 1559 regiam
690 1490 861 1542 uitam
918 1490 1201 1558 splendore
1255 1508 1434 1541 rerum
1491 1508 1708 1541 suarum
1761 1489 1842 1541 uti

146 1581 261 1615 non
297 1582 472 1632 posse7
513 1564 638 1632 quia
679 1582 887 1632 semper
926 1564 1242 1616 insidiarum
1282 1567 1431 1615 metu
1473 1566 1721 1632 suspecta
1757 1564 1841 1615 sit.

257 1638 329 1689 20
362 1656 489 1690 non
522 1638 735 1689 auium
768 1637 1184 1706 citharaeque
1219 1640 1448 1689 cantus
1483 1656 1768 1689 somnum
1799 1656 1842 1689 r.

143 1711 246 1764 hoc
283 1712 405 1764 ideo
447 1711 595 1780 dixit,
635 1712 888 1780 quoniam
931 1712 1148 1779 quidam
1188 1729 1377 1781 regum
1405 1710 1707 1763 Siculorum
1744 1729 1841 1780 per
1926 1711 1939 1763 ,ἶ

143 1785 339 1837 111111138
389 1785 604 1837 delicias
654 1786 722 1837 ad
763 1785 998 1837 citharae
1040 1789 1093 1837 et
1133 1786 1315 1837 auium
1356 1790 1574 1837 cantum
1615 1785 1840 1838 dormie-

143 1859 289 1911 bant.
405 1859 474 1911 21
519 1877 774 1911 somnos
815 1860 1168 1928 agrestium
1207 1860 1239 1911 l.
1279 1879 1328 1911 u.
1361 1859 1495 1911 11.11.
1528 1859 1564 1911 f.
1599 1859 1645 1910 d.
1709 1859 1840 1911 ordo

145 1936 246 1984 est:
296 1951 408 1985 non
455 1933 666 1984 fastidit
711 1933 939 1985 humiles
988 1933 1199 2001 domos3
1252 1937 1305 1985 et
1344 1933 1463 1985 ideo
1506 1934 1648 2002 apud
1689 1932 1840 1985 ‘non'

145 2007 467 2075 particulam
508 2007 1065 2076 subdistinguendum.
1181 2008 1250 2059 27
1300 2025 1413 2059 1166
1455 2025 1684 2059 83611118
1724 2006 1839 2058 Ar-

145 2081 311 2133 cturi
351 2081 646 2133 cadentis
686 2081 963 2149 impetus
1013 2084 1121 2133 aut
1169 2081 1442 2133 orientis
1489 2080 1710 2133 Haedi.
1812 2098 1840 2132 e

145 2155 417 2207 contrario
460 2157 555 2222 est,
595 2155 927 2223 antitheton3
969 2156 1183 2208 cadenti
1215 2155 1359 2207 enim
1385 2155 1648 2207 orientem
1674 2173 1839 2223 oppo-

146 2228 266 2280 suit.
327 2228 578 2280 uidelicet
618 2231 798 2281 autem
821 2229 1116 2281 Arcturum
1156 2247 1348 2282 occasu
1390 2229 1473 2281 sui
1507 2229 1682 2298 magis
1705 2232 1839 2280 tem·
1929 2277 1939 2291 2

143 2304 382 2370 pestates
424 2303 707 2354 concitare.
823 2304 893 2355 29
934 2322 1062 2356 11011
1100 2304 1482 2356 uerberatae
1523 2302 1839 2372 grandine
1924 2310 1933 2316 ⁴

144 2375 372 2427 uineae
411 2375 777 2444 fundusque
818 2378 1100 2429 mendax.
1175 2395 1272 2445 per
1318 2393 1543 2445 zeugma
1582 2394 1645 2427 ex
1685 2394 1838 2444 supe-

142 2450 283 2501 riore
347 2451 401 2500 et
461 2449 550 2500 hic
613 2450 981 2518 accipiendum
1045 2453 1128 2502 est
1190 2449 1537 2502 esollicitant'.
1636 2450 1837 2502 fundus

265 2602 287 2639 i
321 2596 503 2639 hisdem
530 2595 593 2637 M
680 2597 829 2639 uitam
856 2596 919 2638 M
1009 2601 1033 2639 6
1068 2595 1272 2640 discend.
1304 2611 1354 2639 in
1380 2596 1444 2638 M
1534 2600 1557 2639 7
1590 2596 1836 2652 magistra-

141 2657 243 2699 tum
278 2655 341 2697 M
437 2660 462 2698 9
494 2656 712 2698 mouetur
744 2655 808 2697 M
904 2660 956 2698 11
991 2668 1103 2710 quia
1135 2655 1199 2697 M
1295 2655 1461 2699 ductus
1496 2655 1560 2697 M
1585 2655 1693 2709 fort.
1724 2659 1838 2698 recte

264 2719 319 2757 14
351 2713 590 2769 dyonisms
625 2714 688 2756 M
793 2717 846 2756 15
881 2715 1013 2757 saeta
1043 2714 1202 2771 gladio
1236 2715 1301 2757 M
1413 2719 1467 2758 16
1501 2714 1681 2770 36Ρ11118
1716 2714 1780 2756 M

147 2777 200 2815 17
235 2773 464 2816 aduocare
498 2786 526 2827 ς
678 2778 734 2816 20
767 2772 946 2816 auium:
981 2788 1145 2816 aurum
1179 2774 1242 2816 M
1398 2788 1448 2829 q3
1483 2774 1646 2817 cantus
1679 2808 1688 2817 .
1725 2806 1734 2816 .
1767 2776 1835 2817 22

142 2831 302 2874 auium
333 2833 522 2875 cantum
553 2832 605 2874 in
630 2832 694 2875 M
720 2832 773 2874 in
802 2833 1009 2888 margine
1041 2847 1070 2875 a
1099 2846 1242 2876 manu
1273 2833 1468 2889 antiqua
1498 2832 1672 2887 scripta
1701 2833 1836 2874 ‘inuti-

142 2890 240 2933 Zata
270 2895 399 2934 sunt:
440 2927 450 2935 .
485 2925 494 2934 .
536 2890 615 2933 dix
643 2892 649 2946 1
679 2896 758 2946 qffi
789 2891 902 2946 quid
930 2893 936 2947 Ι
962 2895 1077 2947 regi-1
1110 2905 1176 2935 816
1204 2894 1211 2945 Ι
1239 2895 1293 2936 rfi
1324 2907 1354 2946 p
1385 2906 1483 2934 nim
1510 2890 1516 2948 Ι
1544 2891 1712 2934 diuitia
1739 2891 1745 2945 Ι
1773 2890 1835 2934 ad
1923 2908 1930 2933 ς

141 2949 293 2991 cithar
321 2955 325 3002 1
354 2950 501 2993 81311111
529 2951 535 3005 Ι
565 2950 704 2993 cantu
732 2950 738 3004 Ι
870 2955 924 2993 25
957 2950 1281 3006 particulatim
1314 2950 1377 2994 M
1501 2955 1557 2993 26
1591 2950 1742 2993 orient
1775 2949 1839 2992 M
1920 2971 1922 2975 v

263 3012 317 3051 27
353 3010 437 3065 est,
469 3009 519 3052 id
552 3011 622 3052 est
656 3009 812 3065 Pauly
935 3014 989 3053 28
1023 3022 1105 3052 8110
1140 3024 1168 3064 ς
1304 3015 1359 3054 31
1395 3009 1647 3053 sollicitum
1678 3010 1725 3052 te
1759 3008 1834 3062 M,
1922 3018 1924 3021 ’
