1939 3197
486 109 787 154 EPISTULA
817 110 852 166 1,
888 114 956 165 12,
990 114 1178 166 20-13,
1214 116 1281 155 14.
1618 112 1722 165 281

50 247 209 312 atque
264 261 534 297 conexam.
686 246 758 298 :20
806 243 1184 298 Stertinium
1236 263 1518 298 acumen:
1567 245 1727 317 (peri-

43 317 255 386 phrasis
303 318 515 386 tropus)
568 319 671 371 hoc
727 322 830 371 est:
888 318 1188 372 Stertinius
1286 319 1429 372 hunc
1491 323 1544 373 et
1598 322 1726 374 alibi

42 392 221 460 tangit
266 395 326 443 ut
367 390 627 461 Stoicum,
675 393 765 461 qui
815 393 877 445 de
928 393 1213 462 paradoxis
1252 394 1503 462 loquitur.
1655 396 1723 448 21

42 465 352 517 trucidas:
394 466 662 535 exprimis,
702 467 853 519 elidis
880 470 933 519 et
956 467 1198 535 proteris
1255 469 1509 520 conuenit
1548 472 1728 522 autem

41 538 144 591 hoc
184 539 409 591 uerbum
447 540 606 592 huius
646 541 792 593 modi
831 541 1136 610 pulmentis,
1232 542 1303 594 22
1344 542 1396 594 si
1436 543 1585 611 quid
1623 562 1727 612 pe-
1753 562 1773 594 5

45 615 149 664 tet.
242 616 420 682 petet
457 632 598 666 nunc
638 616 797 667 uolet.
888 613 1254 684 Uergilius:
1306 614 1397 667 Ne
1435 619 1580 685 pete
1629 636 1726 669 co-

44 687 262 739 nubiis
309 692 538 740 natam.
610 707 713 757 quo
754 689 913 741 modo
953 689 1162 740 ultro‘?
1201 691 1373 742 ultro
1411 693 1508 742 ‘aut
1548 690 1728 744 ‘ultra'

41 760 94 810 id
137 764 218 812 est
259 760 396 829 ‘plus
437 781 596 830 quam
635 763 818 831 uolet',
857 765 950 814 aut
990 762 1133 814 ‘ante
1174 782 1335 831 quam
1375 764 1549 816 dicat’.
1657 766 1729 816 24

42 834 194 885 uilis
228 835 573 887 amicorum
606 840 704 887 est
737 854 992 888 annona
1023 836 1226 888 bonis,
1273 837 1364 905 ml,
1395 838 1586 907 inquit,
1617 842 1730 890 tam

43 908 147 959 uile
193 926 290 976 pro
340 909 575 961 amicitia
623 909 736 960 dari
783 912 985 978 potest,
1032 928 1193 978 quam
1241 911 1384 979 quod
1424 911 1572 964 deest
1610 912 1727 964 uiro
1754 932 1797 965 10

42 981 184 1034 bono
227 982 545 1036 obsecuturo
588 984 789 1035 scilicet
830 984 873 1035 si
912 983 970 1035 in
993 988 1234 1053 tempore
1261 986 1539 1054 acceperit.
1591 986 1729 1038 nihil

44 1057 222 1107 autem
272 1056 483 1125 sapiens
532 1056 875 1127 desiderabit,
924 1058 1066 1126 quod
1112 1059 1297 1128 magni
1334 1059 1494 1127 pretii
1534 1060 1616 1112 sit.

44 1129 110 1180 27
153 1129 250 1181 ius
290 1130 752 1200 imperiumque
799 1130 858 1183 P.
936 1132 1090 1184 docet
1136 1136 1189 1184 et
1234 1133 1290 1184 in
1337 1133 1520 1201 lyricis
1567 1133 1728 1186 Red-

46 1202 246 1254 ditum
288 1201 436 1272 Cyri
477 1205 640 1257 solio
680 1204 1003 1258 Prahaten
1047 1205 1371 1259 dissidens
1412 1208 1585 1275 plebi
1616 1226 1728 1259 nu-

42 1291 209 1328 mero
264 1277 596 1331 beatorum
660 1279 882 1331 eximit
935 1280 1159 1331 uirtus.
1311 1282 1381 1334 28
1431 1279 1728 1334 Caesaris
1754 1301 1796 1333 15

44 1351 318 1419 genibus
358 1352 576 1405 minor.
657 1353 923 1405 subtiliter
955 1354 1086 1406 dixit
1111 1354 1176 1406 ad
1203 1372 1379 1424 genua
1403 1355 1728 1408 deuolutum.

648 1484 948 1527 EPISTULA
982 1491 1019 1540 1,
1056 1491 1123 1529 13.

191 1571 274 1625 Ut
320 1574 849 1642 proficiscentem
906 1576 1089 1629 docui
1137 1579 1196 1628 te
1246 1594 1431 1645 saepe
1480 1577 1728 1646 diuque.

45 1648 129 1698 ad¹
160 1646 412 1700 Uinnium
450 1648 582 1700 haec
624 1649 821 1718 scribit,
861 1650 1051 1718 quibus
1078 1649 1232 1702 docet
1255 1650 1530 1720 HoratiUS,
1570 1670 1728 1720 quem

44 1720 110 1772 ad
149 1721 368 1773 modum
408 1721 656 1791 Augusto
697 1724 828 1775 uelit
868 1723 1105 1775 exhiberi
1143 1724 1353 1778 libellos
1404 1742 1542 1777 81108.
1694 1726 1726 1777 6
1752 1746 1798 1778 20

42 1794 69 1820 ²³*
108 1795 136 1821 ’¹‘
178 1795 415 1847 sarcinae
455 1814 567 1848 non
608 1801 871 1865 oportune
911 1797 1231 1867 redduntur,
1271 1817 1404 1866 quae
1447 1799 1548 1851 sibi
1588 1800 1728 1868 quis-

43 1885 142 1937 que
182 1869 533 1939 mandauerit,
575 1871 665 1923 sed
705 1872 782 1923 ita
820 1872 1110 1940 inportune
1152 1891 1206 1924 80
1248 1873 1495 1941 offerunt,
1533 1876 1593 1924 ut
1636 1873 1727 1924 ab·

37 1941 177 2005 icere
228 1943 364 1995 uelle
418 1943 717 1997 uideantur.
871 1947 901 1998 8
957 1946 1321 2014 Asinaeque
1375 1949 1726 2014 paternum.

42 2016 317 2068 commode
373 2018 609 2070 ostendit
661 2037 774 2072 non
828 2019 1006 2088 aliquo
1069 2020 1202 2072 uitio
1264 2020 1366 2071 hoc
1427 2036 1728 2089 cognomen

41 2087 244 2141 Uinnio
285 2091 575 2160 contigisse
617 2092 708 2144 sed
741 2092 953 2162 gentile.
1072 2094 1139 2145 10
1178 2094 1395 2145 lamas.
1469 2094 1612 2145 lama
1645 2097 1726 2145 est
1751 2114 1797 2146 25

41 2180 247 2233 uorago
295 2158 399 2216 ἀπὸ
450 2165 550 2217 τοῦ
601 2166 817 2235 λαιμοῦ.
902 2185 1029 2219 113111
1082 2163 1278 2235 λαιμὸς
1325 2169 1406 2219 est
1443 2167 1729 2237 ingluuieS,

42 2236 182 2288 unde
221 2235 440 2290 Lamiae
482 2258 692 2308 quoque
734 2240 982 2293 dicuntur
1022 2241 1380 2293 deuoratrices
1426 2259 1729 2309 puerorum.

195 2311 263 2363 14
307 2310 551 2366 Purria.
628 2315 812 2366 fictum
859 2315 1100 2367 aniculae
1146 2333 1346 2369 nomen
1395 2316 1467 2367 ad
1502 2316 1727 2368 ancillae

161 2447 186 2485 6
217 2443 331 2486 Aen.
368 2448 406 2500 7,
441 2448 495 2488 96
622 2450 673 2488 13
710 2444 794 2488 od.
830 2449 870 2501 2,
904 2451 944 2501 2,
979 2451 1032 2488 17

164 2551 186 2587 1
220 2546 455 2602 perifrasis
482 2548 544 2590 M
566 2548 623 2601 cf.
655 2548 707 2592 E.
740 2549 774 2603 Ι,
810 2553 879 2603 18,
915 2554 998 2593 105
1030 2549 1086 2604 ΙΙ,
1121 2555 1161 2604 2,
1195 2555 1249 2593 91
1358 2555 1383 2594 5
1416 2550 1553 2593 hums
1582 2549 1727 2593 nondi

42 2602 295 2659 plumentis
330 2606 392 2648 M
496 2612 520 2650 6
546 2621 603 2650 ne
627 2610 737 2663 pete
763 2608 969 2652 conubiis
992 2609 1153 2652 natam
1184 2610 1364 2652 restitui
1395 2623 1450 2653 ex
1480 2623 1588 2652 uere
1620 2621 1726 2652 con-

43 2661 222 2707 cubinis
244 2677 353 2707 nam
379 2665 442 2707 Μ
545 2671 570 2710 8
604 2668 713 2711 ante
745 2681 884 2723 quam
915 2680 1020 2711 nos:
1051 2681 1105 2712 ae
1137 2682 1276 2724 quam
1303 2668 1366 2711 M
1468 2672 1494 2710 9
1518 2667 1641 2711 bona
1666 2667 1732 2709 M

160 2721 228 2765 nil
258 2724 421 2767 addidi
515 2731 566 2768 11
604 2725 900 2770 obsecuturus
935 2727 998 2769 M
1087 2732 1140 2770 12
1174 2727 1299 2783 quod
1331 2742 1382 2782 ςε
1413 2740 1553 2782 quam
1585 2725 1649 2769 M

41 2779 222 2836 praedii
254 2781 317 2824 M
435 2788 489 2827 13
522 2784 678 2828 docet:
712 2784 769 2828 de
801 2784 888 2828 hoc
922 2800 950 2841 ς
982 2784 1129 2829 reete?
1254 2791 1308 2829 14
1332 2785 1561 2842 prabaten
1583 2798 1728 2841 agens

40 2853 91 2881 in
122 2838 417 2897 fflsmphnam
446 2842 586 2887 inbea
617 2857 762 2887 sexus.
798 2844 870 2898 M,
901 2845 1102 2888 restimit
1134 2845 1291 2901 Pauly
1418 2848 1471 2886 21
1505 2843 1729 2901 <sarcina

43 2897 248 2944 chartae:
280 2913 418 2956 saepe
450 2915 478 2945 a
508 2901 711 2956 bainus>
743 2915 826 2946 nos
961 2908 1016 2948 22
1048 2904 1347 2948 mundauent
1379 2903 1442 2945 M
1559 2907 1617 2946 23
1645 2916 1727 2958 pa-

41 2957 246 3002 ternum:
278 2973 324 3015 p.
360 2960 424 3002 M
563 2965 618 3004 24
651 2961 894 3006 commodo
926 2962 990 3005 Μ
1123 2968 1177 3006 26
1211 2962 1410 3006 ΛΕΜΟΥ
1441 2975 1551 3005 113111
1580 2961 1730 3006 lemos

45 3014 109 3057 M
165 3022 191 3060 2
255 3023 280 3061 8
313 3019 471 3074 purril.
506 3020 569 3062 M
686 3019 885 3065 ancillae
916 3020 1044 3076 (ad)
1077 3037 1106 3076 ς
