1939 3197
653 81 906 127 EPODON
941 88 993 128 16
1027 84 1075 128 et
1108 89 1176 128 17.
1660 86 1764 139 173

76 220 420 273 uelocitatem
466 221 520 270 et
568 219 851 286 strepitum
900 237 1068 287 aquae
1117 220 1396 272 currentis,
1549 221 1620 273 50
1669 241 1763 274 re-

75 294 328 362 fertque
383 295 567 344 tenta
622 309 775 361 grex
829 294 1069 344 amicus
1124 294 1336 346 ubera.
1428 294 1565 346 bene
1615 297 1765 347 ami-

76 386 206 436 cus,
261 367 385 434 quia
438 366 637 418 refert
690 367 1046 434 praedixerat,
1101 371 1162 419 ut
1217 370 1407 436 sponte
1458 369 1642 421 uenire
1698 371 1764 421 ad

76 442 304 493 mulctra
365 441 439 492 ibi
498 440 890 509 intellegamus
1044 440 1114 494 53
1169 443 1484 510 pluraque
1538 444 1764 496 felices

76 514 464 567 mirabimur.
542 515 725 583 plura
767 533 927 583 quam
968 534 1130 584 supra
1170 516 1295 567 dixi.
1358 517 1547 569 deinde
1586 517 1765 586 infert,
1789 535 1810 568 5

76 607 213 658 quae
262 589 371 640 sint
415 589 548 640 haec
595 589 764 656 plura.
902 590 971 641 56
1026 592 1361 658 utrumque
1418 609 1565 660 rege
1612 595 1766 643 tem-

77 666 345 731 perante
386 663 668 714 celitum:
710 666 769 714 ut
807 681 906 715 nec
944 664 1110 714 nimia
1148 664 1333 731 pluuia
1364 664 1588 716 humum
1612 665 1768 717 radat

78 755 178 789 nec
211 755 422 789 rursum
457 737 666 788 siccitas
700 740 833 788 urat.
927 738 995 790 57
1037 755 1163 789 non
1203 737 1322 789 huc
1363 737 1577 807 Argoo
1619 758 1764 791 con-

78 811 287 863 tendit
340 811 576 879 remige
630 810 823 878 pinus
878 829 1080 878 neque
1136 811 1438 878 inpudica
1496 811 1766 864 Colchis,

79 884 325 936 Medeam
374 884 664 953 significat,
712 902 846 952 quae
887 884 1136 936 Iasonem
1176 888 1462 952 prosecuta
1510 904 1631 937 cum
1669 885 1768 938 Ar·
1795 905 1836 938 10

80 959 332 1028 gonautis
380 959 684 1027 nauigauit3
733 978 827 1027 per
874 959 1015 1026 quod
1064 959 1332 1028 significat
1382 960 1642 1012 ueneficia
1694 961 1769 1012 ibi

78 1033 269 1102 ignota
309 1050 438 1084 esse.
538 1032 608 1084 59
648 1051 772 1084 non
811 1033 930 1085 huc
971 1032 1222 1086 Sidonii
1260 1037 1594 1086 torserunt
1635 1052 1768 1086 cor-

80 1125 205 1157 nua
245 1109 481 1158 nautae
520 1107 851 1158 laboriosa
897 1125 1010 1159 nec
1053 1107 1279 1160 cohors
1319 1106 1548 1159 Ulixei.
1649 1109 1767 1160 sub-

81 1180 427 1232 audiendum:
456 1180 501 1231 si
527 1181 668 1232 enim
693 1181 796 1233 huc
822 1182 1111 1248 uenissent,
1136 1183 1343 1234 nollent
1366 1182 1626 1234 recedere.
1673 1201 1770 1250 per

83 1253 329 1306 Sidonios
379 1256 556 1306 autem
609 1253 870 1307 Cadmum
919 1254 1226 1307 Thebarum
1274 1256 1607 1308 conditorem
1652 1257 1770 1308 uult
1795 1273 1837 1306 15

78 1328 337 1396 intellegi.
414 1327 654 1380 Ulixei:
703 1330 860 1381 metri
908 1348 1068 1381 causa
1109 1330 1375 1398 separatio
1416 1330 1469 1381 id
1511 1333 1591 1381 est
1630 1330 1770 1382 diae-

80 1403 213 1453 resis
251 1402 396 1453 facta
436 1405 530 1469 est,
569 1406 629 1453 ut
661 1404 956 1455 materiai
997 1407 1050 1455 et
1088 1404 1292 1472 pictai
1333 1405 1469 1456 solet
1503 1404 1627 1471 dici3
1666 1405 1771 1456 nisi

79 1476 221 1528 forte
268 1476 344 1527 ita
393 1476 683 1528 declinauit
722 1480 782 1528 ut
823 1476 979 1529 ediei'.
1079 1496 1206 1529 nam
1245 1481 1531 1546 utrumque
1570 1496 1771 1530 nomen

81 1550 324 1601 uidemus
365 1550 626 1618 producta
667 1551 876 1619 syllaba
915 1552 1203 1603 terminari.
1266 1553 1341 1603 ita
1368 1555 1421 1603 et
1445 1553 1605 1619 paulo
1645 1556 1770 1620 post

81 1623 363 1675 Achillei
404 1624 549 1676 dixit.
688 1625 757 1677 63
797 1624 1092 1693 Iuppiter
1138 1626 1252 1677 illa
1299 1625 1441 1694 piae
1492 1626 1771 1678 secreuit
1794 1643 1836 1674 20

81 1697 280 1751 litora
320 1699 499 1767 genti
545 1699 648 1750 1100
689 1702 795 1751 est:
838 1701 903 1751 ad
944 1700 1046 1752 hoc
1088 1701 1336 1769 secreuit,
1384 1703 1443 1751 ut
1481 1701 1570 1768 pia
1610 1703 1769 1770 gente

81 1771 469 1824 habitarentur.
596 1772 666 1825 65
708 1792 969 1841 quorum
1009 1774 1134 1842 piis
1176 1775 1454 1826 secunda
1493 1778 1638 1826 uate
1679 1793 1769 1826 me

78 1846 268 1898 >datur
322 1846 498 1915 fuga:
565 1866 792 1915 quorum
848 1849 1203 1916 saeculorum,
1259 1849 1460 1901 scilicet
1515 1849 1655 1900 aerei
1710 1867 1770 1900 ac

81 1920 267 1990 ferrei,
307 1921 437 1989 fuga
476 1921 630 1973 uobis
670 1921 774 1990 piis
816 1922 973 1974 datur
1013 1941 1044 1973 a
1083 1941 1167 1974 me
1206 1926 1345 1990 uate,
1384 1922 1438 1973 id
1479 1925 1574 1989 est7
1614 1922 1771 1974 datur

81 1994 237 2047 uobis
277 1994 500 2047 consilio
541 2013 676 2064 11100,
715 1999 775 2047 ut
815 1996 1082 2065 effugiatis
1122 2014 1371 2064 pessuma
1411 1996 1635 2047 saecula.
1795 2012 1837 2044 25

604 2140 851 2185 EPODON
885 2140 1140 2185 CARMEN
1175 2146 1243 2184 17.

230 2229 359 2281 Iam
406 2231 529 2283 iam
577 2231 835 2284 efficaci
883 2232 956 2285 do
1008 2250 1230 2284 manus
1288 2232 1614 2285 scientiae.
1714 2232 1771 2283 in

78 2303 184 2355 hac
239 2304 425 2373 ecloga
478 2306 706 2374 figurate
762 2324 883 2358 cum
934 2305 1157 2359 Canidia
1212 2307 1339 2376 agit.
1437 2325 1563 2358 nam
1619 2307 1770 2374 quasi

82 2377 392 2446 satisfaciat,
417 2379 616 2431 lacerat
641 2398 759 2431 eam
784 2381 1018 2450 eleganti
1043 2381 1363 2433 urbanitate.
1428 2399 1452 2432 s
1464 2381 1701 2432 cientia
1713 2397 1739 2432 e
1758 2399 1769 2431 :

80 2583 119 2624 A
203 2528 255 2625 lg
295 2526 508 2626 gzgterz'ai
546 2526 791 2570 Lucretius
831 2541 922 2571 non
962 2541 1053 2572 uno
1101 2527 1202 2570 loco
1250 2525 1390 2581 dixit,
1432 2526 1586 2581 pictai
1630 2525 1768 2582 Uerg.

125 2596 193 2626 en.
260 2616 269 2637 ‚

202 2706 223 2744 1
260 2715 377 2761 eque
412 2703 475 2746 M
613 2709 637 2746 2
672 2717 752 2747 rex
786 2704 847 2747 IlsI
988 2710 1013 2747 3
1047 2705 1158 2761 quia
1188 2717 1293 2748 nos:
1326 2719 1406 2760 qui
1440 2703 1503 2746 M
1556 2716 1560 2721 ·
1642 2707 1671 2746 4
1701 2702 1770 2746 ibi

79 2773 184 2804 nos:
214 2760 263 2804 1d
297 2760 359 2805 M
486 2767 509 2805 7
542 2763 756 2806 humum:
789 2778 934 2805 unum
967 2764 1030 2807 M
1162 2769 1187 2808 9
1220 2779 1324 2820 pius
1360 2763 1422 2805 M
1549 2761 1706 2815 coleis,
1736 2762 1769 2805 h

79 2833 136 2863 m.
177 2824 224 2864 2.
263 2834 296 2863 s.
340 2822 384 2874 l„
427 2821 489 2864 M
631 2828 685 2866 10
717 2836 923 2866 iosanem
952 2824 1198 2880 persecuta
1232 2823 1294 2865 M
1446 2827 1495 2865 11
1537 2821 1769 2865 beneficu-

79 2878 308 2936 ablgnota
342 2881 404 2923 M
460 2926 465 2931 ,
522 2886 575 2925 13
609 2881 771 2924 cohros
806 2882 868 2924 M
987 2888 1041 2926 16
1074 2884 1297 2939 separitio
1332 2881 1395 2924 M
1514 2885 1567 2924 19
1602 2880 1771 2924 Sillaba

82 2938 145 2981 M
292 2944 348 2982 24
386 2954 483 2996 pits
518 2941 580 2984 M
719 2945 775 2983 25
817 2941 973 2985 secula
1006 2942 1069 2985 M
1208 2946 1265 2985 28
1300 2940 1468 2996 egloga
1501 2940 1564 2982 M
1712 2944 1767 2982 29

76 2998 275 3041 amentia
307 2998 669 3043 abeneficiorum
706 3001 768 3043 M
