1939 3197
648 74 897 119 EPODON
929 80 954 118 9
988 75 1037 118 et
1069 81 1136 119 10.
1629 78 1731 129 161

47 210 118 261 ad
163 210 362 278 ipsum,
409 208 464 260 id
515 212 618 260 est:
666 210 780 276 ipse
819 210 990 262 fertur
1027 210 1262 262 incertus
1303 211 1526 262 consilii.
1664 212 1734 265 35

49 283 369 352 uelquod
413 283 725 334 fluentem
774 302 1070 335 nauseam
1122 285 1459 336 coherceat
1508 287 1732 338 metire

43 358 234 409 nobis
275 355 644 426 Caecubum.
708 357 833 424 quia
873 358 1298 410 austerissimum
1323 363 1406 410 est
1429 357 1734 411 Caecubum

47 431 257 499 uinum,
305 430 495 482 merito
535 449 793 481 nauseam
845 431 1112 498 cohercet3
1153 436 1205 483 et
1251 433 1497 500 metire,
1544 433 1734 501 inquit,

48 505 174 572 quia
213 504 411 572 cyatho
452 503 802 556 hauriebatur
843 523 907 555 ex
946 509 1149 557 cratere
1190 507 1390 558 uinum.
1757 527 1778 559 5

567 649 818 693 EPODON
851 649 1105 694 CARMEN
1141 657 1207 694 10.

194 739 363 792 Mala
388 742 604 792 soluta
631 741 816 792 nauis
850 742 982 792 exit
1014 741 1169 791 alite
1201 741 1418 792 ferens
1453 743 1735 794 olentem

42 813 382 865 Maeuium.
482 815 568 866 hic
624 817 705 865 est
760 814 1002 865 Maeuius
1052 815 1526 881 inportunissimus
1574 821 1735 883 poeta

45 906 204 955 quein
252 890 305 939 et
343 887 678 956 Uergilius
727 906 847 939 cum
896 888 1055 938 simili
1113 889 1438 940 contumelia
1490 890 1735 942 nominat

44 961 165 1022 Qui
203 960 469 1013 Bauium
502 980 628 1013 non
662 962 819 1028 odit,
860 967 1026 1013 amet
1057 966 1166 1013 tua
1199 963 1486 1014 carmina
1510 962 1732 1016 Maeui.
1761 984 1801 1014 10

44 1036 281 1086 olentem
336 1040 514 1087 autem
571 1055 667 1104 pro
725 1037 910 1104 putido
961 1037 1158 1086 dictum
1208 1037 1401 1103 accipe.
1465 1041 1546 1088 est
1592 1038 1733 1088 enim

42 1109 224 1177 σχῆμα
264 1106 493 1176 λιτότης.
593 1111 756 1160 mala
797 1110 950 1161 alite
1011 1110 1111 1160 hoc
1153 1114 1254 1161 est:
1297 1112 1437 1162 malo
1480 1112 1732 1178 auspicio.

42 1186 100 1234 et
146 1183 373 1234 adtende
422 1184 603 1234 alitem
644 1184 729 1235 hic
783 1184 1042 1234 feminino
1100 1202 1293 1252 genere
1335 1185 1549 1251 dixisse,
1606 1186 1734 1236 alibi

44 1257 340 1309 masculino
405 1256 663 1317 Qualem
724 1259 1085 1308 ministrum
1152 1259 1442 1308 fulminis
1499 1259 1733 1310 alitem.

194 1331 226 1382 3
296 1334 365 1382 ut
432 1331 716 1383 horridis
788 1340 1122 1398 utrumque
1193 1332 1492 1383 uerberes
1562 1333 1732 1384 latus
1758 1353 1800 1385 15

41 1404 282 1456 Auster
320 1410 635 1456 memento
677 1406 1007 1456 fluctibus
1087 1406 1337 1470 iucunde,
1378 1406 1530 1473 quasi
1569 1410 1732 1458 uento

39 1479 314 1545 praesenti
337 1479 646 1546 praecipiat.
709 1484 762 1530 et
794 1484 1131 1546 utrumque
1174 1480 1344 1531 latus
1372 1480 1524 1530 nauis
1549 1481 1733 1547 utique

39 1552 464 1621 intellegendum
507 1558 598 1603 est.
752 1555 786 1604 5
834 1554 1017 1621 niger
1057 1554 1350 1604 rudentis
1390 1553 1598 1604 Eurus
1638 1555 1734 1604 in-

43 1645 229 1678 uerso
269 1626 440 1677 mari.
505 1627 630 1694 quid
672 1633 753 1678 est
791 1627 1050 1678 inuerso
1094 1627 1286 1678 mari?
1342 1646 1412 1678 an
1452 1629 1733 1679 contrariis

39 1700 329 1751 fluctibus?
434 1701 501 1752 10
543 1719 661 1768 qua
700 1701 915 1752 tristis
958 1702 1151 1751 Orion
1195 1701 1391 1768 caditzq
1432 1720 1536 1768 qua
1575 1705 1731 1753 nocte
1757 1722 1800 1754 20

42 1775 259 1826 scilicet.
355 1774 421 1826 13
463 1792 597 1826 cum
632 1775 846 1826 Pallas
881 1780 1023 1826 usto
1070 1776 1266 1826 uertit
1305 1776 1462 1826 iram
1503 1776 1580 1827 ab
1612 1775 1733 1828 Ilio

39 1848 107 1899 in
144 1848 402 1916 impiam
442 1848 656 1900 Aiacis
697 1852 913 1900 ratem.
979 1850 1077 1899 hoc
1104 1869 1165 1899 ex
1195 1848 1464 1917 Uirgilii
1503 1850 1733 1901 lectione

42 1922 174 1974 satis
214 1926 404 1974 notum
446 1926 540 1973 est.
661 1924 723 1974 17
768 1927 832 1974 et
870 1924 984 1973 illa
1025 1942 1149 1973 non
1191 1923 1404 1973 uirilis
1446 1923 1732 1975 eiulatio.

42 1997 262 2048 eiulatio
317 1996 496 2063 potius
552 1996 605 2047 id
669 1997 882 2061 dicitur,
945 1997 1083 2063 quod
1151 2005 1232 2046 est
1295 1997 1447 2063 quasi
1502 1997 1732 2064 gemitus

43 2070 237 2121 flentis,
305 2066 508 2137 τρόπος
547 2064 962 2137 ὀνοματοποιία.
1068 2070 1131 2120 19
1172 2069 1394 2120 Ionius
1434 2070 1553 2122 udo
1596 2088 1732 2121 cum
1756 2089 1799 2122 25

44 2143 413 2212 remugiens
470 2144 648 2194 sinus
700 2142 868 2195 Noto
923 2144 1206 2194 carinam
1262 2144 1527 2211 ruperit.
1627 2144 1732 2196 udo

44 2220 226 2269 autem
249 2215 410 2283 Noto,
448 2217 552 2269 hoc
578 2221 672 2282 est,
714 2236 915 2285 aquoso
949 2235 1010 2268 ac
1052 2217 1313 2284 pluuioso.
1413 2218 1481 2269 21
1525 2219 1734 2286 opima

45 2291 274 2360 quodsi
318 2293 560 2358 praeda
614 2309 806 2343 cu1uo
857 2292 1094 2343 littore.
1196 2292 1431 2359 opimam
1480 2292 1734 2359 praedam

45 2384 238 2434 corpus
293 2365 461 2434 ipsius
509 2365 707 2417 Maeuii
762 2366 1161 2434 intellegamus,
1225 2384 1289 2417 ex
1350 2384 1455 2434 quo
1512 2369 1735 2434 apparet

46 2458 165 2491 eum
205 2439 462 2508 pinguem
501 2440 682 2491 fuisse.
1750 2459 1794 2490 30

168 2575 221 2613 10
253 2570 362 2613 Buo.
396 2575 437 2625 3,
471 2576 527 2614 90
654 2576 704 2613 14
739 2570 820 2614 Od.
857 2577 896 2623 4,
931 2575 971 2622 4,
1013 2578 1026 2613 1
1155 2576 1208 2612 22
1243 2570 1299 2613 cf.
1335 2572 1446 2614 Aen.
1485 2576 1525 2625 1,
1557 2575 1611 2614 39

167 2694 190 2731 5
224 2687 380 2731 c1atho
415 2688 477 2730 M
595 2694 620 2732 9
655 2703 754 2731 cum
791 2704 830 2732 si
860 2690 912 2731 in
943 2702 1046 2731 corr
1091 2704 1146 2731 m.
1181 2694 1256 2741 2.;
1287 2689 1420 2731 milia
1452 2687 1736 2730 contumelia

47 2749 259 2790 nominat
288 2761 345 2790 m.
378 2751 421 2791 2.
457 2760 491 2790 8.
526 2748 551 2790 Z.
590 2749 650 2790 M
781 2755 832 2791 lo
865 2763 1058 2790 numum
1093 2749 1151 2790 M
1272 2747 1502 2797 odinum&
1535 2748 1587 2789 in
1619 2760 1733 2790 corr.

45 2820 102 2850 m.
136 2811 182 2851 2.
218 2806 280 2849 M
416 2810 469 2849 19
503 2811 574 2849 est
604 2821 763 2850 euerso
801 2808 860 2850 M
1010 2813 1056 2849 21
1097 2817 1220 2849 lusto
1257 2807 1317 2849 M
1470 2811 1525 2848 22
1559 2806 1738 2862 ulrglhl

46 2865 251 2909 lecclone
278 2865 341 2907 M
437 2870 493 2908 24
520 2866 664 2920 quod:
692 2881 771 2921 qul
798 2867 856 2908 M
963 2871 1019 2909 25
1053 2861 1560 2911 ΟΝΟΜὰΤΟΠΝΟΙΕΙὸ.
1587 2866 1646 2907 M
1677 2866 1734 2919 cf.

46 2925 109 2968 ad
139 2925 235 2967 ΑΡ
269 2927 358 2968 113
495 2929 548 2967 27
591 2939 764 2980 aquosa
798 2925 860 2968 M
998 2931 1049 2969 28
1083 2926 1224 2968 curbo
1260 2925 1321 2967 M
1453 2929 1507 2968 29
1542 2924 1735 2968 Maeuii:

47 2983 212 3027 melius
247 2984 310 3026 M
427 2997 553 3027 eum:
590 2988 641 3027 ut
674 2985 733 3027 M

135 3073 413 3106 Pom’mmox.
1327 3063 1347 3100 1
1358 3063 1377 3101 1
