1939 3197
583 65 784 111 SERMO
817 67 851 123 I,
885 73 924 123 6,
960 71 1205 112 113—120.
1632 67 1742 120 225

50 204 270 259 sordes
332 202 486 255 mihi
556 220 709 270 quas
771 202 894 254 tibi
956 201 1126 255 Tilli.
1204 201 1424 256 Tillium
1484 204 1626 256 hunc
1689 208 1741 255 et

51 297 214 347 supra
267 278 628 344 increpuerat,
683 276 824 345 quod
876 277 1202 329 senatoriam
1241 277 1561 347 dignitatem
1599 296 1740 330 rece-

49 353 218 421 pisset
254 369 366 403 non
405 349 674 402 sufficiens
716 350 763 401 ei
802 367 900 402 nec
940 368 1102 403 censu
1140 369 1238 404 nec
1262 352 1518 405 moribus.
1636 352 1739 404 113

47 426 346 478 fallacem
386 424 623 476 circum
653 425 1223 494 uespertinumque
1257 443 1518 494 pererro
1554 443 1740 494 saepe

47 499 268 552 forum.
343 497 591 550 fallacem
630 498 1098 568 uespertinumque
1143 500 1322 551 forum
1361 500 1494 551 mihi
1532 499 1742 552 uidetur
1765 517 1786 550 5

54 572 320 626 Suburam
361 572 557 640 dicere,
597 571 739 641 quod
777 572 886 624 fere
929 591 1047 624 sera
1084 573 1219 625 hora
1257 573 1485 626 furtiuas
1533 592 1617 625 res
1659 592 1740 626 so-

49 647 162 699 lent
215 665 276 699 eo
328 664 527 698 uenum
581 645 798 698 deferre.
875 664 987 699 non
1042 650 1221 699 autem
1275 647 1459 717 utique
1512 647 1588 699 sic
1638 647 1741 700 hoc

47 721 178 773 dicit
215 720 497 784 Horatius,
552 721 707 789 quasi
760 720 876 788 ipse
930 738 1016 772 res
1070 721 1278 772 furetur
1326 723 1379 772 et
1419 739 1480 773 eo
1522 721 1741 789 deferat,

49 795 141 847 sed
180 794 359 862 potius
401 794 541 863 quod
579 793 702 845 inde
744 794 1050 847 occasiones
1092 794 1303 846 emendi
1327 797 1519 863 captet.
1637 795 1743 847 114

49 868 294 920 adsisto
338 867 598 919 diuinis,
676 867 887 920 diuinos
922 868 1205 937 sortilegos
1232 868 1574 920 circulatores
1601 867 1741 920 dicit.
1769 889 1809 920 ιο

44 960 206 1011 porro
263 943 442 994 autem
500 941 707 993 altioris
771 941 1051 1011 dignitatis
1112 943 1357 995 homines
1421 943 1743 995 erubescunt

48 1017 160 1069 fere
199 1017 257 1068 in
294 1016 378 1068 his
418 1016 571 1085 uulgi
611 1016 820 1068 circulis
862 1018 1020 1085 stare,
1061 1015 1203 1085 quod
1240 1020 1423 1069 tamen
1455 1017 1560 1068 sibi
1582 1018 1742 1069 licere

46 1090 222 1143 facere
261 1089 519 1142 Horatius
560 1089 690 1142 dicit
726 1108 822 1157 per
860 1091 1004 1142 uitae
1042 1091 1364 1159 libertatem,
1404 1091 1462 1142 in
1502 1110 1607 1160 qua
1630 1109 1743 1144 non

47 1167 211 1233 esset7
268 1165 312 1215 si
366 1164 424 1215 in
479 1163 748 1216 senatoria
802 1163 1065 1233 dignitate
1123 1165 1448 1217 constitutus
1505 1168 1658 1217 esset.

50 1238 167 1291 115·
198 1238 271 1290 ad
310 1238 487 1306 porri
536 1240 596 1289 et
635 1237 861 1307 ciceris
912 1239 1122 1291 refero
1176 1239 1524 1308 laganique
1581 1239 1809 1291 cati-15

46 1331 206 1364 num.
282 1312 422 1364 hanc
478 1330 656 1364 escam
710 1313 988 1382 uulgarem
1044 1331 1160 1365 esse
1199 1331 1356 1365 nemo
1399 1315 1482 1365 est
1522 1314 1612 1382 qui
1650 1331 1742 1365 ne-

49 1387 198 1439 sciat.
317 1387 421 1438 116
478 1389 539 1438 et
591 1386 757 1454 lapis
814 1386 996 1438 albus
1052 1388 1281 1455 pocula
1336 1406 1472 1439 cum
1511 1388 1740 1456 cyatho

48 1460 167 1513 duo
231 1461 528 1512 sustinet.
649 1478 1006 1512 marmoream
1067 1460 1389 1530 Delphicam
1459 1462 1742 1531 significat,

48 1552 184 1604 quae
236 1534 449 1597 ‚scilicet
502 1534 663 1603 pretii
723 1553 836 1587 non
890 1535 1076 1605 magni
1131 1538 1226 1587 est.
1359 1537 1461 1588 117
1528 1536 1743 1588 adstat

48 1609 310 1661 echinus
351 1609 505 1660 uilis
554 1626 689 1660 cum
727 1612 968 1676 patera.
1047 1609 1295 1662 echinum
1334 1609 1626 1662 Lucilius
1667 1611 1742 1662 sic
1767 1629 1809 1661 20

49 1683 197 1751 dixit,
238 1682 391 1752 quasi
433 1685 641 1735 scortea
681 1683 918 1751 ampulla
958 1683 1042 1752 sit,
1081 1686 1141 1735 ut
1181 1702 1302 1736 cum
1342 1685 1417 1736 ait
1455 1683 1742 1736 Echinus

49 1757 388 1809 cinnabari
442 1756 738 1809 infectus,
814 1757 903 1809 hic
953 1759 1135 1810 tamen
1182 1758 1410 1811 uit-ream
1450 1759 1742 1827 ampullam

47 1831 357 1901 intellegere
419 1830 688 1883 debemus
844 1832 947 1884 118
1036 1829 1358 1900 Campana
1437 1833 1742 1901 supellex.

48 1904 382 1974 Campanam
422 1905 806 1973 supellectilem
861 1905 1103 1975 intellegi
1157 1907 1287 1974 uult,
1349 1906 1475 1976 quia
1529 1905 1742 1975 Capuae

48 1978 206 2031 hodie
264 1997 417 2030 aerea
462 1997 595 2031 uasa
634 1979 924 2031 studiosius
964 1980 1219 2032 fabricari
1258 1980 1520 2032 dicuntur.
1638 1981 1743 2033 120
1767 1999 1809 2032 25

51 2053 156 2122 qui
219 2071 281 2104 se
344 2053 592 2105 uultum
654 2053 823 2105 ferre
886 2056 1078 2123 negat
1137 2052 1492 2106 Nouiorum
1553 2072 1742 2122 posse

48 2127 332 2179 minoris.
411 2127 514 2179 duo
576 2125 742 2180 Nouii
803 2128 996 2179 fratres
1058 2128 1152 2180 illo
1214 2131 1455 2196 tempore
1508 2127 1743 2198 fuerunt,

49 2219 278 2270 quorum
332 2201 508 2254 minor
561 2202 924 2254 tumultuosus
971 2201 1244 2254 fenerator
1289 2202 1457 2255 fuisse
1496 2202 1742 2255 traditur.

51 2275 276 2343 satyrice
318 2277 494 2327 autem
544 2278 597 2327 et
646 2276 920 2345 eleganter
971 2276 1074 2328 hoc
1130 2277 1354 2346 dictum,
1417 2277 1570 2346 quasi
1624 2277 1741 2329 ideo

49 2368 269 2402 manum
330 2350 472 2402 leuet
534 2349 804 2418 MarsyaS,
869 2350 1010 2420 quod
1073 2351 1336 2403 sustinere
1375 2351 1433 2402 in
1472 2351 1589 2403 soro
1629 2370 1741 2404 non
1764 2372 1810 2405 30

171 2529 226 2568 20
258 2525 404 2569 Lucil.
436 2526 601 2582 fragm.
635 2526 726 2576 inc.
759 2532 855 2571 103.

171 2708 196 2747 8
226 2702 409 2748 furatur
442 2704 503 2747 M
624 2710 678 2750 10
711 2706 960 2763 sortilogos
994 2707 1057 2749 M
1146 2706 1441 2750 circulatores
1472 2718 1576 2749 nos:
1609 2705 1742 2748 sorti·

50 2762 224 2807 latores
260 2763 322 2806 M
410 2767 462 2807 15
496 2763 576 2807 ad:
611 2766 661 2808 at
694 2766 757 2808 M
855 2769 907 2810 17
941 2765 1118 2810 sciatho
1153 2766 1216 2808 M
1315 2770 1367 2810 18
1401 2763 1651 2821 delyficam
1685 2763 1748 2806 M

170 2827 227 2866 20
279 2836 438 2866 ecmus
480 2823 542 2866 M
695 2825 861 2880 patera
914 2838 1019 2869 nos:
1086 2840 1132 2881 p.
1163 2825 1324 2881 pr&er.
1358 2824 1420 2867 Μ
1499 2824 1744 2879 praeterea

50 2889 108 2934 L,
135 2881 310 2925 Mu'ller
340 2882 405 2940 p.]
438 2883 624 2938 praeter
655 2883 882 2928 echinum.
935 2883 1142 2929 Lucilius
1168 2899 1197 2939 ς
1295 2888 1349 2926 21
1384 2882 1747 2939 scorteampulla

53 2951 117 2993 M
203 2945 258 2984 22
292 2941 524 2985 chmnaba
555 2942 755 2988 Infectas
788 2944 851 2987 M
930 2948 987 2988 25
1018 2943 1252 2999 hodieque
1286 2948 1369 2986 ea?
1455 2947 1510 2986 27
1543 2956 1746 2986 minores

205 3004 260 3044 29
293 3000 492 3058 satyrice
523 3014 628 3046 nos:
661 3004 863 3060 sytyrice
898 3003 962 3046 M
1049 3008 1105 3047 30
1144 3016 1339 3047 maumas
1374 3002 1437 3045 M
1754 3039 1756 3041 ,

141 3074 418 3110 Pom’nrmox.
863 3105 869 3111 .
1333 3081 1353 3119 1
1362 3081 1387 3119 5

168 3175 202 3197 's
