1939 3197
175 117 245 168 34
796 115 915 160 ODE
948 117 982 170 Ι,
1017 121 1072 161 28
1106 118 1154 160 et
1187 121 1259 160 29.

175 253 504 322 quibuslibet
551 253 748 321 posuit.
824 253 1202 320 plectantur
1250 257 1429 305 autem
1479 251 1660 305 ‘luant
1704 257 1867 323 atque

174 325 535 397 experiantur'
592 326 874 396 significat.
1027 325 1097 378 29
1153 323 1587 395 Neptunoque
1644 346 1682 379 S.
1737 331 1774 380 t.
1827 331 1869 381 t.

173 400 465 455 Custodem
505 400 726 452 Tarenti
765 397 1081 467 Neptunum
1121 401 1219 469 ait,
1271 400 1396 468 quia
1434 401 1720 469 praecipue
1759 400 1867 454 Ne—

172 479 374 544 ptunus
425 475 501 526 ibi
554 474 747 527 colitur
799 474 875 539 [id
926 477 1008 526 est
1058 472 1315 544 Tarenti].
1445 475 1517 526 30
1567 476 1866 545 neglegis

129 549 498 602 5inmeritis
546 548 923 601 nocituram.
1000 547 1130 601 ordo
1180 551 1284 600 est:
1338 549 1585 618 neglegis
1625 549 1870 602 fraudem

175 623 524 677 committere.
603 639 791 675 sensus
841 625 1021 674 autem
1069 625 1170 674 est:
1225 622 1469 691 neglegis
1510 640 1594 674 me
1635 626 1689 675 et
1725 623 1870 676 frau-

175 698 296 750 dem
334 698 393 749 in
432 715 516 749 me
558 696 891 749 committere
940 695 1098 748 facile
1147 714 1262 748 esse
1309 699 1492 764 putas,
1541 697 1690 765 atqui
1735 697 1870 750 haec

174 773 387 841 expetet
435 771 493 822 in
545 789 657 839 eOS,
709 771 799 839 qui
847 789 910 822 ex
955 773 1008 822 te
1059 770 1175 822 nati
1217 774 1366 839 sunt,
1416 770 1470 821 id
1512 773 1594 822 est
1631 770 1690 822 in
1728 771 1868 824 filios

172 850 311 898 tuos
420 845 487 897 31
529 845 664 898 fors
706 848 766 897 et
806 844 1023 896 debita
1062 845 1203 896 iura
1241 863 1291 896 u.
1334 863 1372 896 s,
1411 847 1448 896 t.
1489 863 1558 895 m.
1594 845 1627 896 i.
1696 845 1870 898 uices

108 936 148 967 10
175 920 484 989 superbae
539 937 746 988 poenae
808 918 1203 988 intellegendae
1268 936 1400 986 quas
1463 936 1562 986 pro
1627 919 1869 987 superbis

171 994 329 1046 factis
392 994 521 1046 dicit
581 994 734 1046 illum
798 1011 911 1045 esse
973 1011 1273 1062 passurum.
1434 992 1503 1044 33
1566 993 1866 1061 precibus

172 1087 301 1122 non
346 1068 605 1136 linquar
643 1068 676 1119 i.
766 1085 951 1136 preces
999 1085 1148 1119 meae
1199 1067 1457 1136 efficient,
1504 1068 1567 1118 ut
1605 1066 1871 1120 ultionem

170 1142 332 1195 huius
377 1143 455 1194 rei
502 1142 803 1210 persoluaS,
853 1141 995 1210 quod
1042 1141 1312 1210 piaculum
1360 1142 1418 1192 in
1465 1159 1549 1192 me
1601 1140 1871 1193 admittas,

196 1243 198 1245 ·
285 1217 357 1268 34
395 1219 584 1284 teque
617 1216 874 1284 piacula
904 1216 1085 1267 nulla
1119 1215 1454 1267 resoluent
1485 1214 1540 1265 id
1573 1217 1676 1266 est:
1715 1215 1865 1268 nullo

107 1305 148 1337 15
174 1290 333 1343 modo
376 1289 614 1358 expiabis
655 1289 758 1341 hoc
800 1290 987 1357 sceIUS,
1027 1289 1170 1357 quod
1210 1290 1267 1340 in
1307 1307 1390 1341 me
1433 1288 1688 1340 admittis

875 1419 994 1463 ODE
1030 1425 1069 1475 1,
1104 1424 1173 1463 29.

323 1497 451 1549 Icci
513 1498 722 1548 beatis
785 1514 952 1548 nunc
1007 1495 1287 1547 Arabum
1358 1495 1611 1547 inuides
1680 1496 1871 1565 gazis,

174 1572 315 1624 hanc
356 1572 496 1623 oden
535 1571 601 1622 ad
640 1570 842 1622 Iccium
874 1570 1072 1637 scribit,
1114 1587 1271 1637 quem
1303 1569 1530 1621 miratur
1559 1569 1866 1622 intermisso

174 1645 550 1715 philosophiae
606 1645 783 1697 studio
839 1646 1060 1712 repente
1117 1661 1171 1695 se
1228 1643 1294 1694 ad
1348 1643 1578 1695 militare
1635 1643 1871 1696 studium

108 1740 152 1771 20
176 1720 482 1787 contulisse,
520 1736 615 1787 per
656 1718 798 1787 quod
837 1718 1051 1770 uidetur
1091 1718 1467 1786 concupiscere
1507 1717 1737 1770 diuitias

179 1796 205 1846 1
249 1793 531 1845 Arabum
570 1792 827 1844 inuides
868 1792 1043 1861 gazis
1083 1791 1138 1843 id
1178 1794 1279 1843 est:
1337 1792 1621 1844 aemularis
1659 1791 1869 1844 Arabes

174 1869 232 1920 in
272 1867 473 1920 diuitiis
512 1866 798 1935 habendis,
850 1884 910 1918 ac
950 1884 1045 1934 per
1083 1866 1209 1918 hoc:
1267 1865 1482 1918 diuitias
1524 1866 1871 1935 concupiscis.

287 1942 321 1994 2
370 1945 430 1994 et
477 1959 684 1993 acrem
731 1940 1034 1992 militiam
1082 1958 1286 2008 paras.
1363 1940 1666 1992 militiam
1703 1957 1871 2007 paras

175 2017 399 2084 reye'bus:
437 2033 538 2082 pro
578 2033 630 2067 eo
671 2014 814 2083 quod
855 2016 937 2066 est
976 2013 1263 2065 aduersus
1304 2012 1468 2066 illos'.
1587 2013 1620 2066 5
1660 2014 1869 2066 nectis

110 2110 153 2141 25
179 2094 459 2143 catenas
536 2089 747 2141 nectis
787 2106 902 2141 non
942 2086 1150 2139 inicis'
1201 2087 1292 2140 sed
1342 2086 1623 2139 'fabricas'
1663 2088 1870 2139 intelle-

177 2164 413 2234 gendum
446 2166 540 2215 est.
603 2163 818 2232 proprie
853 2162 1076 2230 dictum3
1117 2164 1337 2214 catenae
1370 2162 1517 2230 ipsae
1550 2161 1694 2213 enim
1725 2161 1872 2213 nexi-

137 2239 276 2295 ‚bus
325 2237 645 2306 quibusdam
694 2239 961 2289 constant.
1078 2235 1111 2288 5
1165 2253 1322 2304 quae
1372 2236 1493 2287 tibi
1542 2235 1871 2305 uirginum

179 2331 217 2363 S.
256 2330 307 2363 n.
348 2312 396 2363 b.
455 2329 516 2362 s.:
581 2329 613 2361 a
666 2313 719 2362 te
774 2313 967 2362 necato
1026 2310 1229 2362 scilicet
1284 2327 1498 2377 sponso.
1631 2310 1660 2360 7
1716 2326 1872 2377 puer

178 2386 317 2454 quis
365 2402 437 2436 ex
487 2385 632 2436 aula
681 2384 783 2436 hoc
832 2387 933 2435 est:
983 2383 1164 2453 regius
1210 2400 1365 2451 puer,
1411 2400 1523 2435 non
1563 2382 1706 2434 enim
1747 2380 1866 2451 ‘qui

108 2460 235 2511 30111
290 2460 412 2511 aula
468 2457 755 2510 seruierit'.
876 2457 908 2508 9
967 2457 1246 2527 sagittas
1303 2455 1558 2508 Sericas
1610 2455 1715 2509 hoc
1769 2459 1870 2508 est:

176 2533 481 2600 ParthicaS,
537 2551 568 2583 a
622 2534 782 2602 gente
839 2529 1027 2583 Serum
1083 2531 1174 2598 qui
1228 2534 1441 2598 partem
1497 2529 1640 2582 orbis
1695 2533 1870 2582 terrae

179 2607 373 2660 orienti
423 2606 717 2658 subiectam
767 2608 970 2658 tenent.
1089 2605 1156 2656 10
1208 2604 1347 2672 quis
1403 2606 1597 2673 neget
1651 2603 1870 2655 arduis

298 2743 322 2780 2
356 2738 653 2794 experientur
687 2737 749 2779 M
866 2737 1186 2791 nectunusque
1221 2735 1284 2778 M
1394 2739 1420 2777 4
1452 2734 1677 2792 neglegis,
1709 2750 1727 2777 1
1758 2746 1813 2777 ex
1847 2747 1871 2777 e

179 2810 311 2849 corr„
345 2797 407 2840 M
435 2798 487 2840 in
518 2797 613 2840 lem.
738 2801 762 2838 7
795 2795 947 2851 atqui:
990 2796 1053 2838 at.
1086 2809 1128 2850 q.
1162 2810 1206 2838 u.
1243 2794 1305 2836 M
1409 2799 1434 2837 8
1469 2794 1692 2850 expetent
1724 2808 1753 2848 ς

181 2860 234 2897 19
266 2856 437 2899 scholia
467 2869 511 2899 u.
546 2859 601 2899 31
636 2859 676 2898 et
708 2858 767 2899 33
791 2858 898 2910 post
928 2855 1016 2897 sch.
1051 2868 1095 2897 u.
1131 2857 1189 2897 34
1220 2857 1327 2896 sunt
1359 2854 1410 2896 in
1445 2853 1508 2895 M
1598 2856 1652 2895 17
1683 2852 1777 2896 Ieci
1810 2851 1873 2894 M

272 2919 325 2957 18
359 2914 588 2958 adiecium
623 2914 686 2957 M
789 2918 845 2956 20
879 2913 1023 2969 quod:
1058 2926 1197 2969 quam
1232 2912 1294 2955 M
1392 2917 1445 2955 21
1481 2911 1646 2955 arabos
1678 2911 1727 2954 in
1752 2911 1816 2953 M

180 2977 235 3015 23
260 2973 367 3016 haec
392 2974 555 3017 addidi
650 2978 704 3017 26
731 2973 953 3016 cataenae
981 2971 1044 3014 M
1088 3020 1091 3021 ⁷
1133 2976 1187 3014 29
1214 2985 1424 3027 quisquis
1452 2971 1514 3013 M
1601 2974 1656 3013 32
1682 2970 1871 3013 orientis

181 3031 245 3074 M
361 3034 503 3088 negat
537 3033 600 3075 M
