1939 3197
638 32 835 78 SERMO
868 34 902 90 Ι,
937 38 976 89 7,
1008 38 1166 90 32—8‚
1203 38 1241 78 1.
1673 32 1782 85 229

103 172 303 224 circum
341 170 487 223 uiam
526 170 747 222 arbusta
784 169 1175 222 uindemiantes
1209 188 1240 221 a
1269 168 1567 222 uiatoribus
1592 171 1785 222 cuculli

99 245 372 315 appellari.
428 292 434 296 .
471 247 588 296 tum
626 244 707 296 illi
744 244 1024 311 prouocati
1062 246 1273 296 tantam
1311 243 1600 296 uerborum
1640 262 1782 295 ama-

97 319 387 372 ritudinem
439 318 500 370 in
554 336 644 370 eos
701 317 1003 387 effundunt,
1057 321 1118 370 ut
1171 318 1406 370 uiatores
1457 317 1537 369 illi
1591 318 1785 369 cedant

99 393 340 446 contenti
378 394 592 444 tantum
632 410 722 445 eos
764 393 999 445 cucullos
1038 392 1235 444 iterum
1274 395 1434 460 atque
1474 392 1668 444 iterum
1694 410 1784 460 ap-

96 468 310 536 pellare.
388 467 557 519 salso
600 484 728 536 ergo
768 467 1097 535 multoque
1137 466 1374 518 fluenti
1413 467 1676 519 arbusto
1717 466 1828 518 ad5

97 541 516 594 uindemiatores
565 541 770 593 arbusti
817 540 1076 593 relatione
1123 540 1270 593 facta
1310 540 1511 593 dictum
1551 558 1665 593 esse
1704 540 1785 592 in-

101 616 356 686 tellegere
412 615 687 684 debemuS,
742 616 832 684 qui
889 614 1090 667 scilicet
1144 615 1284 668 salso
1346 615 1463 668 ioco
1527 615 1786 683 aliterque

102 690 339 743 uiatores
371 689 706 741 insectantur
729 690 787 741 in
813 689 893 741 sui
917 689 1194 741 ultionem.
1290 689 1361 740 32
1402 691 1465 740 at
1505 687 1786 741 Graecus

98 768 440 833 postquam
489 767 586 815 est
623 762 792 815 Italo
823 763 1120 829 perfusus
1160 765 1354 814 aceto.
1455 763 1788 832 allegoricOS,

97 840 383 906 postquam
423 839 518 906 est,
564 837 762 905 inquit,
799 836 1013 888 Persius
1064 837 1276 888 acribus
1317 836 1567 888 conuitiis
1606 835 1788 904 Rupili
1813 852 1854 883 10

98 910 264 981 Regis
303 928 601 980 percussus.
729 911 798 963 33
838 910 1099 963 Persius
1148 911 1462 962 exclamat
1507 929 1618 979 per
1663 929 1787 962 ma-

99 1002 259 1055 gnos
306 985 502 1037 Brute
544 985 693 1037 deos
734 989 794 1039 te
834 1003 942 1038 oro
985 985 1091 1053 qui
1138 1002 1323 1054 reges
1370 985 1787 1037 consueueris

98 1060 333 1112 tollere
374 1077 482 1111 cur
519 1077 648 1112 non
684 1059 851 1112 hunc
890 1077 1102 1129 regem
1148 1060 1421 1128 iugulas.
1498 1059 1789 1112 urbanissi-

100 1152 221 1186 mus
267 1134 431 1186 iocus.
508 1151 636 1185 nam
684 1134 810 1202 quia
855 1133 1180 1202 Tarquinius
1221 1132 1492 1202 Superbus
1540 1151 1634 1185 rex
1681 1133 1787 1186 Ro-

98 1226 385 1261 manorum
422 1225 517 1276 per
554 1207 773 1259 Iunium
795 1206 1027 1267 Brutum
1065 1208 1123 1259 in
1163 1207 1381 1259 exilium
1421 1210 1573 1260 actus
1614 1210 1695 1259 est
1734 1210 1788 1259 et
1811 1222 1853 1255 15

101 1280 266 1334 Gaius
294 1280 491 1334 Caesar
530 1282 621 1349 qui
658 1299 886 1351 regnum
910 1282 1124 1334 uidetur
1148 1282 1445 1334 adfectasse
1470 1300 1565 1350 per
1587 1280 1787 1334 Brutos

99 1357 158 1407 in
198 1359 387 1408 senatu
428 1358 508 1408 est
548 1356 769 1424 06613113,
810 1356 962 1425 quasi
989 1356 1247 1408 infestum
1270 1355 1564 1409 Brutorum
1589 1373 1790 1409 nomen

99 1430 312 1482 uidetur
351 1448 466 1482 esse
505 1430 613 1482 iam
652 1431 884 1499 regibus,
963 1448 1090 1500 ergo
1131 1431 1314 1482 iocans
1354 1431 1412 1482 in
1450 1448 1649 1483 nomen
1686 1429 1787 1482 Re-

102 1504 184 1574 gis
223 1503 408 1573 Rupili
456 1504 553 1556 ait:
603 1523 633 1557 o
681 1503 872 1573 Brute,
921 1522 1140 1573 sequere
1188 1505 1399 1573 generis
1439 1504 1520 1556 tui
1561 1504 1790 1574 gloriam

102 1582 155 1630 et
193 1578 338 1631 hunc
378 1577 652 1646 Rupilium
690 1577 894 1648 Regem
935 1579 1203 1647 extingue.
1815 1593 1858 1626 20

770 1738 974 1783 SERMO
1012 1745 1050 1794 1,
1085 1744 1125 1784 8.

250 1829 414 1884 Olim
460 1832 730 1883 truncus
778 1848 947 1882 eram
994 1830 1295 1883 ficulnus,
1394 1824 1650 1900 Priapum
1696 1850 1788 1900 po-

104 1905 265 1956 situm
311 1904 369 1955 in
414 1904 587 1956 hortis
596 1946 610 1973 ,
658 1904 747 1973 qui
795 1907 950 1956 erant
997 1907 1146 1956 extra
1184 1907 1398 1973 portam
1435 1904 1791 1974 Esquilinam,

105 1981 396 2047 antequam
437 1977 690 2030 aedificiis
731 1996 941 2047 quoque
981 1979 1131 2031 locus
1173 1981 1544 2048 occuparetur,
1583 1978 1791 2031 inducit

99 2051 436 2121 referentem,
474 2070 587 2104 non
621 2055 734 2104 tam
773 2070 1033 2121 magnum
1081 2052 1362 2122 negotium
1403 2053 1506 2105 sibi
1545 2071 1660 2106 esse
1701 2071 1787 2105 cu·
1811 2069 1855 2101 25

106 2125 400 2178 stodiendis
440 2126 612 2179 hortis
655 2145 686 2177 a
723 2126 933 2179 furibus
974 2129 1133 2195 atque
1175 2127 1366 2179 auibus
1407 2145 1542 2196 quae
1584 2127 1789 2180 semina

105 2202 452 2269 consumunt,
500 2219 660 2269 quam
708 2219 740 2252 a
777 2200 1028 2253 ueneficis
1081 2219 1216 2269 quae
1258 2219 1313 2253 se
1352 2201 1412 2253 in
1449 2202 1620 2254 isdem
1657 2202 1789 2255 locis

101 2274 418 2343 inquietent.
495 2274 729 2327 inutile
767 2274 1037 2344 lignum,
1074 2276 1280 2328 merito.
1356 2294 1484 2328 nam
1522 2276 1656 2329 haec
1680 2295 1790 2328 ma-

101 2349 238 2400 teria
284 2348 447 2401 nullis
493 2348 710 2401 fabricis
760 2349 956 2402 idonea
1009 2352 1104 2402 est.
1205 2349 1422 2402 attende
1476 2368 1676 2403 nomen
1727 2350 1789 2402 de

101 2422 202 2475 fico
243 2422 544 2475 deriuatum
585 2422 868 2493 ‘ficulnus',
906 2442 1019 2476 non
1056 2426 1118 2476 ut
1156 2425 1322 2494 uulgo
1372 2423 1686 2477 ‘ficulneus'.
1812 2439 1857 2472 30

225 2604 247 2642 1
265 2613 345 2642 ma
363 2599 426 2644 M
507 2604 531 2642 2
551 2599 745 2656 apellari
764 2600 826 2643 M
907 2614 1012 2643 cum
1031 2601 1093 2643 M
1174 2606 1199 2644 3
1216 2600 1310 2644 illis
1330 2615 1358 2655 ς
1442 2600 1612 2644 cedunt
1628 2600 1691 2642 M
1763 2604 1791 2642 4

102 2659 284 2702 tantam
304 2659 367 2701 M
446 2658 651 2715 apellare
677 2659 740 2702 M
820 2663 845 2703 5
870 2660 978 2704 haec
999 2664 1259 2716 repuyncmt
1280 2660 1591 2717 superioribus
1617 2659 1790 2702 urbane

105 2731 160 2762 ac
192 2717 375 2775 copiose
406 2717 561 2762 locuto
683 2722 707 2762 7
742 2719 1233 2774 qu1sscihc&sals1loco
1266 2719 1330 2762 M
1449 2724 1503 2763 10
1528 2717 1709 2762 acribus
1742 2753 1750 2762 .
1778 2754 1787 2763 .

102 2776 243 2833 Regis
275 2790 382 2821 nos:
413 2790 563 2821 acrius
596 2812 605 2821 .
640 2811 649 2822 .
682 2791 785 2822 reus
819 2779 882 2821 M
1023 2784 1074 2823 11
1108 2793 1327 2835 percusus
1361 2778 1424 2821 M
1573 2783 1628 2821 14
1658 2791 1787 2821 nam:

104 2850 196 2880 non
230 2836 292 2879 M
404 2840 457 2880 15
491 2836 652 2880 611111113
678 2838 741 2880 ΙΙΙ
845 2843 898 2882 19
932 2851 1135 2894 sequere.
1168 2852 1401 2895 regeneris
1435 2837 1498 2880 M
1600 2841 1654 2880 21
1687 2836 1789 2881 EG-

103 2894 270 2939 LOGA
293 2895 423 2939 UIIII
448 2895 512 2938 M
609 2901 665 2939 23
690 2897 944 2953 exquiham
971 2898 1034 2941 M
1137 2902 1193 2942 24
1216 2898 1256 2941 13
1281 2901 1495 2954 quoque?
1603 2901 1657 2940 27
1685 2909 1789 2940 6011-

106 2956 292 3000 sumant
316 2970 345 3011 ς
444 2968 583 3011 quae:
610 2970 690 3011 (1111
712 2956 775 2999 M
876 2957 1059 3002 hisdem
1085 2957 1148 3000 M
1242 2961 1299 3001 30
1322 2955 1566 3000 ficulneus:
1591 2955 1708 3000 ficus
1730 2955 1793 2998 M
