1939 3197
619 72 821 117 SERMO
848 73 882 129 Ι,
915 77 955 128 2,
992 77 1177 128 132—3,
1214 77 1250 116 1.
1675 71 1777 123 199

95 214 166 266 sit
205 211 451 264 dominae
491 210 547 260 in
570 208 673 261 hoc
698 208 944 259 adulterii
967 207 1219 260 facinore.
1315 207 1418 259 132
1460 206 1779 259 discincta

94 288 316 339 tunica
369 282 747 352 fugiendum
802 285 899 334 est
957 285 1017 333 et
1071 281 1226 350 pede
1281 281 1461 333 nudo.
1555 298 1779 350 energos

99 362 222 427 [hoc
262 362 344 411 est
384 358 574 421 otiose]
618 374 869 424 expressa
916 356 1248 423 perturbatio
1291 355 1519 407 adulteri
1560 354 1622 405 de
1662 355 1779 422 ipso

95 437 232 487 lecto
282 432 459 484 subito
514 431 786 500 fugientis
946 431 1045 482 133
1100 448 1174 481 ne
1229 430 1466 481 nummi
1516 431 1782 497 pereant

98 510 207 560 aut
253 523 417 575 puga
464 507 572 556 aut
619 505 891 573 denique
938 504 1129 555 fama:
1182 522 1248 555 ne
1290 503 1650 572 deprehensus
1690 505 1826 553 aut5

97 581 325 652 pecunia
372 598 425 631 se
474 578 701 630 redimat
749 578 814 630 ab
876 578 1138 630 adulterio
1194 580 1287 629 aut
1333 579 1403 630 ad
1449 577 1783 628 referendam

97 655 477 709 contumeliam
524 656 900 720 constupretur
947 656 1040 704 aut
1087 654 1228 704 certe
1275 651 1595 703 manifestus
1637 651 1784 702 adul-

97 730 220 781 terii
257 747 378 780 reus
420 746 539 780 cum
581 727 646 778 ad
684 727 938 778 iudicium
970 726 1239 794 profectus
1267 725 1337 776 sit
1361 725 1784 792 condempnatus

98 803 315 856 infamis
354 803 463 854 fiat.
619 801 723 852 134
762 799 1154 868 deprehendi
1194 800 1495 851 miserum
1536 801 1632 849 est
1670 797 1784 849 Fa-

99 878 203 930 bio
244 877 346 928 uel
384 875 594 927 iudice
634 875 897 926 uincam.
962 874 1092 925 satis
1118 873 1321 924 urbane
1364 872 1648 941 significat,
1686 871 1785 923 Fa·
1812 885 1853 915 10

98 952 247 1004 bium
286 969 383 1019 pro
426 949 665 1001 adultero
706 948 1079 1015 iudicaturum7
1120 948 1165 998 si
1203 947 1360 999 iudex
1398 948 1456 998 in
1494 946 1633 997 hanc
1674 964 1786 997 rem

100 1026 476 1091 constituatur,
519 1023 609 1092 qui
648 1023 838 1074 harum
878 1041 1055 1074 rerum
1098 1022 1166 1073 sit
1207 1024 1260 1073 et
1297 1023 1411 1089 ipse
1453 1023 1698 1072 sectator.

774 1183 973 1227 SERMO
1010 1189 1047 1237 1,
1081 1189 1121 1226 3.

253 1276 559 1329 Omnibus
612 1276 729 1328 hoc
791 1275 1020 1327 uitium
1083 1278 1179 1326 est
1241 1271 1631 1325 cantoribus,
1731 1271 1788 1322 in

106 1351 333 1404 eundem
373 1350 659 1419 Tigellium
698 1349 1080 1418 Hermogenen
1120 1351 1173 1400 et
1210 1348 1298 1399 hic
1337 1345 1612 1398 inuehitur
1649 1364 1790 1397 eum-
1818 1363 1859 1396 15

105 1444 206 1494 que
249 1424 476 1477 Sardum
517 1425 664 1492 dixit,
704 1423 847 1491 quod
886 1424 943 1474 in
983 1422 1230 1475 Sardinia
1270 1424 1410 1473 esset
1449 1423 1624 1471 natus,
1702 1419 1791 1470 ad-

106 1499 406 1552 notandum
446 1516 573 1568 ergo
615 1502 668 1550 et
702 1497 929 1550 Sardum
969 1500 1021 1548 et
1054 1495 1452 1549 Sardiniensem
1484 1493 1588 1545 dici
1620 1511 1792 1560 posse.

105 1593 233 1626 nam
274 1573 565 1625 Lucilius
608 1570 1005 1623 Sardiniensem
1046 1571 1179 1622 dixit
1217 1571 1274 1621 in
1308 1572 1456 1621 sexto
1492 1571 1795 1619 saturarum

106 1649 183 1700 sic
240 1647 546 1716 [tigellium]
595 1646 642 1698 E
686 1644 905 1698 Sicula
945 1647 978 1710 †
1024 1645 1264 1696 lucilium
1312 1642 1795 1695 Sardiniensem

106 1727 357 1774 terram.
420 1723 475 1772 at
514 1720 805 1772 Licinius
848 1718 1082 1772 Caluus
1124 1719 1187 1770 de
1229 1718 1414 1770 eodem
1453 1716 1795 1785 Hermogene
1820 1734 1862 1765 20

107 1797 332 1865 loquens
398 1793 664 1846 Sardum
735 1795 867 1846 dixit
946 1792 1129 1845 Sardi
1192 1792 1430 1861 Tigelli
1506 1791 1797 1859 putidum

108 1873 299 1938 caput
352 1870 543 1921 uenit.
629 1869 876 1920 nonnulli
922 1871 1106 1920 tamen
1153 1870 1439 1918 ueterum
1488 1882 1797 1934 gramma-

108 1946 381 1996 ticorum
431 1943 506 1995 sic
554 1942 941 2011 appellationes
981 1942 1080 1993 has
1121 1941 1431 2007 diuiserunt,
1471 1942 1530 1989 ut
1570 1936 1798 1989 Sardum

236 2066 287 2103 19
322 2056 492 2102 Lucilii
524 2059 690 2116 fragm.
724 2058 801 2113 VI,
836 2063 891 2101 24
1014 2062 1069 2100 20
1096 2056 1263 2100 Catull.
1291 2055 1361 2098 ed.
1387 2054 1438 2098 L.
1463 2054 1633 2098 Msiller
1664 2069 1708 2110 p.
1742 2057 1800 2097 84

232 2169 256 2207 2
292 2167 361 2207 est
394 2164 446 2206 ut
480 2163 541 2206 M
659 2168 684 2206 3
719 2161 938 2205 adulterii
972 2161 1029 2203 M
1151 2164 1176 2204 5
1209 2173 1354 2215 puga:
1388 2171 1465 2214 pie
1500 2157 1562 2200 M
1673 2162 1697 2200 6
1729 2170 1799 2200 re-

112 2223 262 2267 dimat
301 2223 358 2266 ab
399 2222 630 2265 adulterio
669 2223 751 2265 aut
794 2221 854 2264 ad
885 2219 1174 2263 referendam
1204 2232 1308 2262 snos:
1341 2217 1566 2261 credimat
1592 2241 1600 2249 ·
1627 2217 1709 2259 aut
1740 2216 1799 2259 ab

114 2283 326 2327 adultero
355 2307 362 2315 ·
388 2281 678 2325 referendam
706 2281 778 2333 M,
812 2281 911 2335 (aut
934 2279 993 2322 ab
1026 2278 1255 2322 adulterio
1289 2277 1349 2321 ad
1380 2277 1462 2321 ref.
1496 2276 1591 2320 cod.
1616 2275 1798 2329 Bamb.)

236 2347 259 2385 7
293 2356 398 2385 cum
430 2341 667 2397 stupretur
700 2341 762 2383 M
898 2344 951 2382 10
984 2352 1143 2382 umcas
1179 2338 1240 2380 M
1379 2336 1506 2379 fabio
1544 2335 1606 2377 M
1747 2339 1798 2377 11

114 2401 402 2445 iudicaturus
419 2400 558 2443 ludex
580 2401 642 2443 M
726 2405 778 2442 12
803 2398 1006 2454 sequitur
1029 2398 1247 2441 sermonis
1271 2396 1428 2453 quarti
1451 2399 1491 2438 et
1515 2395 1666 2450 quinti
1691 2407 1802 2437 com-

116 2461 369 2503 menta-rius
400 2460 452 2502 in
486 2460 557 2502 M.
612 2464 718 2514 post
757 2458 957 2502 scholion
989 2458 1051 2500 ad
1083 2460 1125 2510 5,
1157 2460 1246 2500 103
1280 2455 1521 2511 disputant
1551 2457 1801 2510 sequuntur

114 2520 244 2563 haec:
274 2517 522 2562 EGLOGA
545 2519 610 2562 III
637 2543 646 2551 ·
679 2518 828 2562 Huius
855 2517 1019 2574 egloge
1045 2516 1158 2560 ordo
1181 2517 1289 2571 post
1313 2513 1561 2558 secundam
1587 2512 1802 2569 eglogam

116 2577 254 2634 primi
277 2577 387 2621 libri
411 2577 648 2622 ordinatus
675 2580 758 2621 est.
805 2577 984 2620 Deinde
1015 2576 1216 2619 scholica
1249 2575 1310 2618 ad
1343 2578 1383 2628 5,
1417 2576 1520 2625 104,
1553 2573 1672 2628 quod
1704 2585 1804 2613 cum

117 2637 359 2693 disputant
389 2637 670 2693 iungendum
701 2650 789 2680 esse
815 2636 1002 2692 punctis
1044 2635 1336 2691 siqnificatur
1503 2637 1556 2675 16
1590 2630 1714 2687 quod
1748 2664 1757 2672 .
1793 2664 1803 2673 .

118 2698 255 2740 natus
294 2697 400 2749 fort.
442 2696 632 2740 delenda
668 2700 776 2739 sunt
815 2696 871 2749 cf.
906 2700 960 2738 22
1115 2699 1168 2738 18
1200 2693 1413 2736 lucilium
1448 2691 1510 2733 M
1660 2694 1711 2732 19
1744 2690 1803 2732 t1-

118 2756 312 2813 gellium
343 2755 513 2808 deleui;
536 2755 573 2798 E
601 2755 757 2799 Sicula
779 2756 847 2798 vel
871 2754 907 2796 E
935 2753 1101 2798 Siculis
1126 2753 1365 2796 uentumst
1387 2751 1437 2793 in
1463 2747 1806 2793 Sardiniensem

116 2818 293 2858 terram
323 2815 396 2857 uel
419 2814 469 2857 in
491 2815 525 2857 t.
552 2814 597 2859 S.
621 2814 677 2858 L.
705 2815 880 2858 Mallem·
903 2817 945 2856 et
967 2825 1049 2856 nos
1141 2818 1197 2856 20
1222 2811 1391 2855 Caluus
1420 2809 1585 2851 Petrus
1608 2807 1805 2850 Daniel:

119 2888 253 2931 gaius
287 2873 349 2916 M
510 2886 756 2930 armogene
791 2873 854 2916 M
1009 2877 1062 2915 21
1097 2871 1242 2928 tlgllh
1273 2874 1314 2913 et
1346 2867 1498 2924 capud
1532 2867 1595 2910 M
1749 2871 1805 2909 22

119 2932 282 3036 ἰιεὲθῐιίὺ
311 2933 588 3035 ΒΞφῖιῘιανάῃ
618 2933 722 2977 hist.
755 2933 822 2976 lit.
855 2932 960 2976 Lat.
995 2932 1101 2976 adn.
1135 2934 1229 2975 432
1271 2929 1433 2973 laudat
1591 2931 1645 2971 23
1680 2925 1808 2983 apel·

141 3006 168 3036 a
191 3005 320 3036 iones
