1939 3197
623 76 878 121 GARMEN
911 76 1280 122 SAECULARE.
1688 80 1714 130 1
1725 79 1792 131 79

110 210 248 264 riore
312 212 635 264 audiendum
698 210 1030 280 ‘precamur-⁹.
1185 211 1252 264 13
1314 213 1439 264 rite
1508 217 1793 268 maturos

111 286 359 352 aperire
412 288 600 354 partu
612 304 650 337 s,
750 285 902 337 ‘lenis
950 287 1155 354 aperire
1202 285 1410 355 partus'
1457 304 1554 355 pro
1604 285 1792 340 ‘facilis

110 376 171 410 ac
194 359 428 427 propitia
451 359 758 428 aperiundis
781 360 1062 428 partibus'.
1104 360 1340 413 ostendit
1364 364 1544 412 autem
1570 361 1794 414 eandem

109 429 367 483 Lucinam
393 436 446 483 et
469 433 759 500 genitalem
792 434 944 485 deam
985 434 1257 503 appellari.
1354 435 1418 486 17
1461 434 1608 487 diua
1646 453 1791 504 pro-

107 503 300 557 ducas
357 505 641 558 subolem
690 511 1069 574 patrumque
1115 527 1164 576 p.
1213 508 1261 560 d.
1309 527 1348 560 s.
1394 508 1430 560 f.
1470 527 1520 576 p.
1561 527 1609 577 q,
1648 509 1681 560 l.
1720 527 1790 562 m.
1815 522 1836 565 5

106 596 147 630 c,
240 579 514 647 implicata
560 579 796 649 phrasiS,
850 597 986 648 quae
1034 580 1109 632 sic
1156 581 1455 632 ordinanda
1506 586 1609 634 est:
1666 582 1792 635 diua

106 652 368 720 producas
432 654 672 706 subolem
734 654 900 722 prolis
962 671 1136 706 nouae
1197 656 1517 722 patrumque
1580 653 1792 706 decreta

103 743 386 795 prosperes
428 745 587 795 super
625 727 911 796 iungendis
951 727 1163 779 feminis
1203 727 1503 795 maritaque
1551 728 1669 797 lege
1715 727 1790 780 fe—

102 800 227 852 raci.
313 801 562 852 maritam
609 805 789 853 autem
836 802 1010 870 legem
1056 819 1154 869 pro
1203 801 1437 853 maritali
1476 800 1548 852 Pl
1563 801 1791 852 autina

103 873 316 926 uidetur
354 875 674 927 auctoritate
715 875 923 927 dixisse.
1024 875 1269 926 similiter
1308 875 1451 927 enim
1491 877 1545 926 et
1583 875 1671 926 ille
1711 875 1787 927 lo-
1814 888 1856 921 10

103 950 257 1000 cutus
297 952 401 1017 est,
448 949 540 1000 ubi
589 950 665 1001 ait
704 967 864 1001 senex
918 948 1200 1001 Pulchra
1248 948 1479 1017 edepol
1534 948 1646 1001 dos
1684 967 1788 1016 pe-

102 1022 290 1074 cunia
337 1026 456 1091 est,
503 1026 555 1074 et
602 1023 738 1075 alter
784 1023 1074 1091 respondet
1144 1022 1316 1084 Quae
1365 1022 1619 1091 quidem
1657 1040 1788 1075 non

100 1097 336 1148 marita
375 1101 473 1148 est
509 1115 606 1165 pro
647 1115 709 1149 eo
751 1097 893 1165 quod
933 1101 1038 1149 est:
1080 1114 1214 1165 quae
1253 1115 1366 1149 non
1398 1096 1659 1148 maritalis
1692 1099 1785 1148 est.

249 1170 315 1222 21
360 1174 574 1223 certus
613 1171 902 1223 undenos
943 1170 1157 1222 decies
1204 1188 1318 1238 per
1365 1188 1567 1222 annos
1609 1169 1785 1222 orbis

99 1247 168 1294 ut
207 1247 431 1296 cantus
472 1245 845 1313 referatque
884 1244 1088 1297 ludos.
1152 1244 1334 1297 orbem
1359 1262 1502 1296 nunc
1527 1243 1784 1295 circulum
1810 1256 1852 1301 15

98 1320 402 1385 temporum
451 1319 508 1370 in
557 1337 611 1371 se
660 1319 860 1371 scilicet
906 1318 1244 1370 redeuntium
1299 1318 1491 1386 accipe.
1581 1319 1786 1369 certum

98 1395 277 1443 autem
315 1411 413 1460 pro
453 1393 614 1460 pleno
656 1397 816 1461 atque
848 1391 1098 1460 perfecto
1163 1410 1351 1444 sensus
1385 1392 1527 1443 enim
1557 1391 1646 1443 hic
1679 1394 1784 1443 est:

96 1468 157 1516 ut
194 1465 464 1533 perfectus
506 1467 650 1518 orbis
692 1485 957 1519 annorum
998 1469 1213 1518 centum
1262 1469 1315 1518 et
1362 1466 1544 1517 decem
1593 1467 1783 1516 cantus

96 1543 149 1590 et
194 1539 349 1591 ludos
396 1540 596 1592 referat
650 1538 869 1610 [ludos]:
924 1559 1022 1610 pro
1072 1558 1133 1592 eo
1184 1539 1326 1608 quod
1381 1542 1462 1591 est
1471 1581 1484 1606 7
1536 1538 1784 1590 homines

96 1613 226 1664 certi
280 1615 537 1682 temporis
600 1615 728 1667 orbe
790 1614 1026 1682 perfecto
1089 1613 1329 1665 referant
1387 1612 1558 1664 ludos.
1710 1611 1781 1664 25
1806 1625 1849 1659 20

95 1705 338 1755 uosque
385 1688 634 1740 feraces
683 1689 1010 1740 cecinisse
1048 1687 1314 1756 Parcae,
1368 1686 1533 1755 quod
1585 1687 1782 1738 semel

95 1760 337 1814 dictum
377 1766 475 1814 est
515 1763 904 1831 stabilisque
944 1780 1152 1814 rerum
1184 1761 1503 1813 terminus
1545 1762 1779 1812 seruet.

94 1835 394 1904 syllempsis
420 1840 525 1904 est3
564 1854 627 1888 ex
651 1837 815 1889 uerbo
842 1837 984 1888 enim
1011 1835 1300 1906 singularis
1326 1834 1534 1886 numeri
1561 1832 1778 1886 ‘seruet’

92 1909 316 1977 pluralis
371 1911 611 1962 nascitur
667 1910 913 1963 eseruetis
969 1910 1111 1978 quod
1175 1909 1338 1960 semel
1400 1908 1601 1959 dictum
1665 1906 1778 1958 est'.

94 1982 322 2035 ‘stabilis
372 1983 568 2036 rerum'
626 1987 805 2036 autem
858 1982 1118 2035 ἐπίθετον
1180 1984 1262 2034 est
1322 1981 1553 2033 termini.
1704 1980 1773 2031 27
1801 1994 1844 2038 25

91 2057 261 2109 bona
307 2057 429 2108 iam
491 2058 780 2125 peractis
827 2057 1083 2125 iungite
1130 2056 1280 2107 fata.
1379 2054 1667 2123 peractis
1723 2054 1778 2105 id

93 2134 197 2182 est:
238 2131 542 2198 praeteritis
584 2131 710 2183 fatis
750 2132 895 2183 bona
933 2131 1140 2200 iungite
1182 2129 1386 2196 futura,
1427 2146 1487 2180 ac
1525 2146 1621 2196 per
1659 2127 1777 2195 hoc,

91 2207 397 2256 contextum
447 2205 689 2257 ordinem
736 2205 897 2256 facite
944 2205 1210 2257 bonorum
1256 2203 1576 2255 futurorum,
1705 2201 1774 2253 31

90 2279 391 2330 nutriant
414 2278 586 2331 fetus
613 2282 674 2331 et
699 2296 900 2348 aquae
934 2278 1226 2330 salubres
1260 2280 1326 2329 et
1355 2276 1534 2329 Iouis
1568 2293 1776 2327 aurae.

87 2352 116 2403 f
121 2356 263 2404 etus
319 2353 642 2422 generaliter
705 2353 944 2405 omnium
1007 2369 1184 2403 rerum
1247 2351 1425 2419 accipe
1488 2352 1541 2401 et
1602 2349 1773 2401 inani·
1798 2364 1841 2396 30

87 2427 332 2495 malium,
381 2445 516 2495 quae
557 2428 622 2479 ad
671 2427 960 2479 utilitatem
1007 2428 1249 2478 nostram
1297 2424 1583 2494 pertinent.
1678 2440 1775 2474 sa-

87 2501 150 2552 lu
166 2501 313 2552 bres
348 2504 526 2552 autem
551 2520 661 2553 non
686 2503 899 2553 tantum
927 2498 1151 2569 ‘aquae'7
1175 2517 1362 2551 uerum
1388 2498 1548 2550 etiam
1575 2495 1774 2548 ‘aurae'

206 2666 231 2704 9
264 2659 400 2716 Epid.
435 2665 474 2716 2,
511 2667 547 2717 1,
584 2667 636 2703 15

205 2816 227 2853 1
261 2821 534 2865 praecamur
568 2808 629 2851 M
725 2813 750 2851 3
784 2808 1008 2864 partubus
1043 2823 1071 2862 ς
1172 2812 1196 2850 6
1229 2805 1363 2849 frasis
1399 2804 1460 2846 M
1548 2808 1573 2847 8
1605 2802 1768 2859 iugan-

84 2868 154 2912 dis
188 2884 216 2923 ς
309 2873 362 2912 18
396 2870 448 2910 ut
467 2904 475 2911 .
496 2902 503 2910 .
527 2880 666 2923 usque
698 2868 759 2911 ad
789 2867 922 2921 finem
943 2867 1102 2910 scholii
1125 2879 1181 2909 m.
1209 2869 1255 2909 2.
1291 2865 1339 2907 ιή
1364 2863 1566 2918 ηιαοῃίηε
1593 2862 1654 2904 Μ
1713 2867 1766 2904 21

84 2928 222 2970 Simul
254 2927 316 2970 M
405 2931 457 2970 23
486 2926 754 2982 sylempssis
781 2927 843 2969 ΓΥΙ
924 2930 979 2969 24
1004 2924 1197 2970 sei-netis
1229 2935 1332 2966 ¹nos:
1366 2922 1552 2965 seruent
1577 2921 1639 2963 M
1697 2921 1770 2964 est

81 2986 254 3030 habilis
288 2987 349 3029 M
468 2991 521 3029 526
553 2985 680 3028 facta
713 3020 723 3030 .
759 3020 767 3029 .
799 2984 936 3029 factis
971 2985 1033 3027 M
1151 2988 1204 3026 31
1238 2980 1430 3038 pertin&
1464 2981 1526 3024 M

1325 3057 1413 3098 12*
