<?xml version="1.0" encoding="UTF-8"?>
<!DOCTYPE html PUBLIC "-//W3C//DTD XHTML 1.0 Transitional//EN"
    "http://www.w3.org/TR/xhtml1/DTD/xhtml1-transitional.dtd">
<html xmlns="http://www.w3.org/1999/xhtml" xml:lang="en" lang="en">
 <head>
  <title>
</title>
<meta http-equiv="Content-Type" content="text/html;charset=utf-8" />
  <meta name='ocr-system' content='tesseract 3.04.00' />
  <meta name='ocr-capabilities' content='ocr_page ocr_carea ocr_par ocr_line ocrx_word'/>
</head>
<body>
  <div class='ocr_page' id='page_1' title='image "./pomponiiporphyri00pomp_0168.png"; bbox 0 0 1939 3197; ppageno 0'>
   <div class='ocr_carea' id='block_1_1' title="bbox 174 71 1157 123">
    <p class='ocr_par' dir='ltr' id='par_1_1' title="bbox 174 71 1157 123">
     <span class='ocr_line' id='line_1_1' title="bbox 174 71 1157 123; baseline -0.007 0"><span class='ocrx_word' id='word_1_1' title='bbox 174 71 281 123; x_wconf 81' lang='lat'>154</span> <span class='ocrx_word' id='word_1_2' title='bbox 836 71 1086 116; x_wconf 87' lang='lat' dir='ltr'>EPODON</span> <span class='ocrx_word' id='word_1_3' title='bbox 1119 76 1157 116; x_wconf 88' lang='lat'>5.</span> 
     </span>
    </p>
   </div>
   <div class='ocr_carea' id='block_1_2' title="bbox 96 208 1874 2428">
    <p class='ocr_par' dir='ltr' id='par_1_2' title="bbox 96 208 1874 2428">
     <span class='ocr_line' id='line_1_2' title="bbox 170 208 1874 282; baseline 0.002 -22"><span class='ocrx_word' id='word_1_4' title='bbox 170 209 247 261; x_wconf 90' lang='lat' dir='ltr'>ita</span> <span class='ocrx_word' id='word_1_5' title='bbox 285 211 347 260; x_wconf 91' lang='lat' dir='ltr'>ut</span> <span class='ocrx_word' id='word_1_6' title='bbox 384 209 549 261; x_wconf 87' lang='lat' dir='ltr'>uellet</span> <span class='ocrx_word' id='word_1_7' title='bbox 588 208 825 260; x_wconf 88' lang='lat' dir='ltr'>efficacia</span> <span class='ocrx_word' id='word_1_8' title='bbox 850 225 980 275; x_wconf 91' lang='grc'>6886,</span> <span class='ocrx_word' id='word_1_9' title='bbox 1021 225 1156 276; x_wconf 91' lang='lat' dir='ltr'>quae</span> <span class='ocrx_word' id='word_1_10' title='bbox 1181 226 1391 260; x_wconf 88' lang='lat' dir='ltr'>uenena</span> <span class='ocrx_word' id='word_1_11' title='bbox 1415 208 1635 261; x_wconf 81' lang='lat' dir='ltr'>Medeae</span> <span class='ocrx_word' id='word_1_12' title='bbox 1669 214 1874 282; x_wconf 84' lang='grc'>688661,,</span> 
     </span>
     <span class='ocr_line' id='line_1_3' title="bbox 172 281 1859 352; baseline 0.001 -16"><span class='ocrx_word' id='word_1_13' title='bbox 172 283 366 352; x_wconf 91' lang='lat' dir='ltr'>quibus</span> <span class='ocrx_word' id='word_1_14' title='bbox 404 284 497 335; x_wconf 91' lang='lat' dir='ltr'>illa</span> <span class='ocrx_word' id='word_1_15' title='bbox 536 301 634 334; x_wconf 93' lang='lat' dir='ltr'>usa</span> <span class='ocrx_word' id='word_1_16' title='bbox 674 282 758 350; x_wconf 88' lang='grc'>811,</span> <span class='ocrx_word' id='word_1_17' title='bbox 799 298 919 333; x_wconf 87' lang='grc'>6616</span> <span class='ocrx_word' id='word_1_18' title='bbox 960 299 1014 333; x_wconf 93' lang='grc'>86</span> <span class='ocrx_word' id='word_1_19' title='bbox 1056 281 1119 333; x_wconf 84' lang='grc'>(16</span> <span class='ocrx_word' id='word_1_20' title='bbox 1158 282 1326 349; x_wconf 80' lang='lat' dir='ltr'>pelice</span> <span class='ocrx_word' id='word_1_21' title='bbox 1369 302 1466 335; x_wconf 91' lang='lat' dir='ltr'>sua</span> <span class='ocrx_word' id='word_1_22' title='bbox 1505 281 1704 335; x_wconf 77' lang='lat' dir='ltr'>Glauce</span> <span class='ocrx_word' id='word_1_23' title='bbox 1743 284 1859 338; x_wconf 92' lang='lat' dir='ltr'>ulta</span> 
     </span>
     <span class='ocr_line' id='line_1_4' title="bbox 172 356 1866 426; baseline 0.001 -16"><span class='ocrx_word' id='word_1_24' title='bbox 172 361 267 410; x_wconf 89' lang='lat' dir='ltr'>est.</span> <span class='ocrx_word' id='word_1_25' title='bbox 368 358 438 410; x_wconf 80' lang='lat'>65</span> <span class='ocrx_word' id='word_1_26' title='bbox 472 375 606 409; x_wconf 89' lang='lat' dir='ltr'>cum</span> <span class='ocrx_word' id='word_1_27' title='bbox 644 356 819 424; x_wconf 92' lang='lat' dir='ltr'>palla</span> <span class='ocrx_word' id='word_1_28' title='bbox 856 356 1007 408; x_wconf 87' lang='lat' dir='ltr'>tabo</span> <span class='ocrx_word' id='word_1_29' title='bbox 1047 374 1273 408; x_wconf 90' lang='lat' dir='ltr'>munus</span> <span class='ocrx_word' id='word_1_30' title='bbox 1313 357 1627 410; x_wconf 89' lang='lat' dir='ltr'>inbutum.</span> <span class='ocrx_word' id='word_1_31' title='bbox 1689 359 1866 426; x_wconf 89' lang='lat' dir='ltr'>palla</span> 
     </span>
     <span class='ocr_line' id='line_1_5' title="bbox 170 427 1862 500; baseline 0.001 -16"><span class='ocrx_word' id='word_1_32' title='bbox 170 450 395 484; x_wconf 84' lang='lat' dir='ltr'>munus</span> <span class='ocrx_word' id='word_1_33' title='bbox 456 431 631 500; x_wconf 81' lang='lat' dir='ltr'>figura</span> <span class='ocrx_word' id='word_1_34' title='bbox 686 432 790 499; x_wconf 90' lang='grc'>681,</span> <span class='ocrx_word' id='word_1_35' title='bbox 853 448 988 499; x_wconf 90' lang='lat' dir='ltr'>quae</span> <span class='ocrx_word' id='word_1_36' title='bbox 1041 427 1361 498; x_wconf 75' lang='grc' dir='ltr'><em>ἐπεξήγησις</em></span> <span class='ocrx_word' id='word_1_37' title='bbox 1411 432 1618 484; x_wconf 88' lang='lat' dir='ltr'>dicitur.</span> <span class='ocrx_word' id='word_1_38' title='bbox 1711 433 1862 486; x_wconf 89' lang='lat' dir='ltr'>tabo</span> 
     </span>
     <span class='ocr_line' id='line_1_6' title="bbox 126 503 1863 574; baseline 0.001 -16"><span class='ocrx_word' id='word_1_39' title='bbox 126 519 147 552; x_wconf 89' lang='lat'>5</span> <span class='ocrx_word' id='word_1_40' title='bbox 172 509 351 558; x_wconf 91' lang='lat' dir='ltr'>autem</span> <span class='ocrx_word' id='word_1_41' title='bbox 390 523 534 557; x_wconf 91' lang='grc'>6666</span> <span class='ocrx_word' id='word_1_42' title='bbox 576 503 852 556; x_wconf 51' lang='grc' dir='ltr'>(66666οῆ</span> <span class='ocrx_word' id='word_1_43' title='bbox 931 504 1086 556; x_wconf 86' lang='lat' dir='ltr'>aliter</span> <span class='ocrx_word' id='word_1_44' title='bbox 1124 503 1477 574; x_wconf 81' lang='lat' dir='ltr'>Uergilius:</span> <span class='ocrx_word' id='word_1_45' title='bbox 1517 506 1680 558; x_wconf 88' lang='lat' dir='ltr'>Huic</span> <span class='ocrx_word' id='word_1_46' title='bbox 1720 509 1863 561; x_wconf 89' lang='lat' dir='ltr'>atro</span> 
     </span>
     <span class='ocr_line' id='line_1_7' title="bbox 170 578 1874 649; baseline 0.002 -18"><span class='ocrx_word' id='word_1_47' title='bbox 170 581 556 649; x_wconf 89' lang='lat' dir='ltr'>linquuntur</span> <span class='ocrx_word' id='word_1_48' title='bbox 620 579 933 648; x_wconf 80' lang='lat' dir='ltr'>sanguine</span> <span class='ocrx_word' id='word_1_49' title='bbox 998 580 1222 648; x_wconf 80' lang='lat' dir='ltr'>guttae</span> <span class='ocrx_word' id='word_1_50' title='bbox 1269 578 1350 630; x_wconf 85' lang='lat' dir='ltr'>Et</span> <span class='ocrx_word' id='word_1_51' title='bbox 1411 583 1649 632; x_wconf 90' lang='lat' dir='ltr'>terram</span> <span class='ocrx_word' id='word_1_52' title='bbox 1710 581 1874 634; x_wconf 28' lang='lat' dir='ltr'>tabo*</span> 
     </span>
     <span class='ocr_line' id='line_1_8' title="bbox 170 653 1864 707; baseline 0.001 -1"><span class='ocrx_word' id='word_1_53' title='bbox 170 655 462 706; x_wconf 88' lang='lat' dir='ltr'>maculat.</span> <span class='ocrx_word' id='word_1_54' title='bbox 580 654 648 706; x_wconf 76' lang='lat'>69</span> <span class='ocrx_word' id='word_1_55' title='bbox 712 653 1024 705; x_wconf 85' lang='lat' dir='ltr'>indormit</span> <span class='ocrx_word' id='word_1_56' title='bbox 1077 653 1294 704; x_wconf 88' lang='lat' dir='ltr'>unctis</span> <span class='ocrx_word' id='word_1_57' title='bbox 1351 655 1627 706; x_wconf 88' lang='lat' dir='ltr'>omnium</span> <span class='ocrx_word' id='word_1_58' title='bbox 1691 655 1864 707; x_wconf 89' lang='lat' dir='ltr'>cubi-</span> 
     </span>
     <span class='ocr_line' id='line_1_9' title="bbox 170 728 1862 796; baseline 0.001 -15"><span class='ocrx_word' id='word_1_59' title='bbox 170 729 341 781; x_wconf 90' lang='lat' dir='ltr'>libus</span> <span class='ocrx_word' id='word_1_60' title='bbox 383 728 713 781; x_wconf 87' lang='lat' dir='ltr'>obliuione</span> <span class='ocrx_word' id='word_1_61' title='bbox 752 728 1073 796; x_wconf 90' lang='lat' dir='ltr'>paelicum</span> <span class='ocrx_word' id='word_1_62' title='bbox 1114 730 1167 778; x_wconf 91' lang='lat' dir='ltr'>et</span> <span class='ocrx_word' id='word_1_63' title='bbox 1205 728 1424 796; x_wconf 90' lang='lat' dir='ltr'>reliqua.</span> <span class='ocrx_word' id='word_1_64' title='bbox 1489 729 1716 781; x_wconf 90' lang='lat' dir='ltr'>obscura</span> <span class='ocrx_word' id='word_1_65' title='bbox 1755 730 1862 783; x_wconf 90' lang='grc'>616-</span> 
     </span>
     <span class='ocr_line' id='line_1_10' title="bbox 172 801 1863 872; baseline 0.001 -17"><span class='ocrx_word' id='word_1_66' title='bbox 172 804 339 871; x_wconf 79' lang='lat' dir='ltr'>cutio,</span> <span class='ocrx_word' id='word_1_67' title='bbox 403 820 537 872; x_wconf 88' lang='lat' dir='ltr'>quae</span> <span class='ocrx_word' id='word_1_68' title='bbox 605 802 679 854; x_wconf 89' lang='lat' dir='ltr'>sic</span> <span class='ocrx_word' id='word_1_69' title='bbox 742 801 1040 854; x_wconf 89' lang='lat' dir='ltr'>ordinanda</span> <span class='ocrx_word' id='word_1_70' title='bbox 1109 805 1209 853; x_wconf 88' lang='lat' dir='ltr'>est:</span> <span class='ocrx_word' id='word_1_71' title='bbox 1278 802 1539 854; x_wconf 89' lang='lat' dir='ltr'>indormit</span> <span class='ocrx_word' id='word_1_72' title='bbox 1599 803 1863 857; x_wconf 88' lang='lat' dir='ltr'>cubilibus</span> 
     </span>
     <span class='ocr_line' id='line_1_11' title="bbox 104 876 1870 944; baseline 0.003 -20"><span class='ocrx_word' id='word_1_73' title='bbox 104 893 147 925; x_wconf 91' lang='lat'>10</span> <span class='ocrx_word' id='word_1_74' title='bbox 169 877 347 929; x_wconf 90' lang='lat' dir='ltr'>unctis</span> <span class='ocrx_word' id='word_1_75' title='bbox 404 876 674 929; x_wconf 89' lang='lat' dir='ltr'>obliuione</span> <span class='ocrx_word' id='word_1_76' title='bbox 732 876 967 928; x_wconf 90' lang='lat' dir='ltr'>omnium</span> <span class='ocrx_word' id='word_1_77' title='bbox 1016 876 1296 944; x_wconf 91' lang='lat' dir='ltr'>paelicum.</span> <span class='ocrx_word' id='word_1_78' title='bbox 1397 879 1450 928; x_wconf 91' lang='lat' dir='ltr'>et</span> <span class='ocrx_word' id='word_1_79' title='bbox 1513 879 1594 929; x_wconf 87' lang='lat' dir='ltr'>est</span> <span class='ocrx_word' id='word_1_80' title='bbox 1649 895 1870 930; x_wconf 76' lang='lat' dir='ltr'>sensus:</span> 
     </span>
     <span class='ocr_line' id='line_1_12' title="bbox 170 951 1862 1020; baseline 0 -16"><span class='ocrx_word' id='word_1_81' title='bbox 170 952 351 1004; x_wconf 89' lang='lat' dir='ltr'>nescio</span> <span class='ocrx_word' id='word_1_82' title='bbox 393 969 528 1020; x_wconf 90' lang='lat' dir='ltr'>quae</span> <span class='ocrx_word' id='word_1_83' title='bbox 563 952 690 1002; x_wconf 87' lang='lat' dir='ltr'>sunt</span> <span class='ocrx_word' id='word_1_84' title='bbox 724 951 1093 1019; x_wconf 69' lang='lat' dir='ltr'>praesentiora</span> <span class='ocrx_word' id='word_1_85' title='bbox 1124 951 1384 1002; x_wconf 87' lang='lat' dir='ltr'>ueneficia</span> <span class='ocrx_word' id='word_1_86' title='bbox 1416 952 1686 1019; x_wconf 70' lang='lat' dir='ltr'>ueneficae,</span> <span class='ocrx_word' id='word_1_87' title='bbox 1726 970 1862 1020; x_wconf 91' lang='lat' dir='ltr'>quae</span> 
     </span>
     <span class='ocr_line' id='line_1_13' title="bbox 172 1024 1868 1094; baseline 0 -16"><span class='ocrx_word' id='word_1_88' title='bbox 172 1026 346 1078; x_wconf 80' lang='lat' dir='ltr'>cubile</span> <span class='ocrx_word' id='word_1_89' title='bbox 399 1025 595 1094; x_wconf 80' lang='lat' dir='ltr'>unguit</span> <span class='ocrx_word' id='word_1_90' title='bbox 641 1024 1084 1076; x_wconf 89' lang='lat' dir='ltr'>medicaminibus</span> <span class='ocrx_word' id='word_1_91' title='bbox 1095 1067 1109 1092; x_wconf 94' lang='grc'>,</span> <span class='ocrx_word' id='word_1_92' title='bbox 1169 1042 1264 1092; x_wconf 88' lang='lat' dir='ltr'>per</span> <span class='ocrx_word' id='word_1_93' title='bbox 1319 1043 1453 1093; x_wconf 92' lang='lat' dir='ltr'>quae</span> <span class='ocrx_word' id='word_1_94' title='bbox 1508 1025 1868 1078; x_wconf 86' lang='lat' dir='ltr'>medicamina</span> 
     </span>
     <span class='ocr_line' id='line_1_14' title="bbox 172 1098 1866 1167; baseline 0 -15"><span class='ocrx_word' id='word_1_95' title='bbox 172 1100 373 1152; x_wconf 89' lang='lat' dir='ltr'>obliuio</span> <span class='ocrx_word' id='word_1_96' title='bbox 431 1100 478 1151; x_wconf 90' lang='lat' dir='ltr'>ei</span> <span class='ocrx_word' id='word_1_97' title='bbox 533 1099 690 1150; x_wconf 90' lang='lat' dir='ltr'>datur</span> <span class='ocrx_word' id='word_1_98' title='bbox 745 1098 985 1151; x_wconf 91' lang='lat' dir='ltr'>omnium</span> <span class='ocrx_word' id='word_1_99' title='bbox 1038 1099 1318 1166; x_wconf 86' lang='lat' dir='ltr'>paelicum.</span> <span class='ocrx_word' id='word_1_100' title='bbox 1403 1099 1633 1167; x_wconf 87' lang='lat' dir='ltr'>paelices</span> <span class='ocrx_word' id='word_1_101' title='bbox 1686 1102 1866 1152; x_wconf 88' lang='lat' dir='ltr'>autem</span> 
     </span>
     <span class='ocr_line' id='line_1_15' title="bbox 172 1171 1866 1241; baseline 0 -16"><span class='ocrx_word' id='word_1_102' title='bbox 172 1171 398 1226; x_wconf 79' lang='lat' dir='ltr'>Canidia</span> <span class='ocrx_word' id='word_1_103' title='bbox 451 1191 548 1241; x_wconf 92' lang='lat' dir='ltr'>pro</span> <span class='ocrx_word' id='word_1_104' title='bbox 606 1190 659 1224; x_wconf 89' lang='grc'>86</span> <span class='ocrx_word' id='word_1_105' title='bbox 702 1173 828 1224; x_wconf 64' lang='lat' dir='ltr'>&#39;sola</span> <span class='ocrx_word' id='word_1_106' title='bbox 868 1172 1016 1224; x_wconf 85' lang='lat' dir='ltr'>dixit.</span> <span class='ocrx_word' id='word_1_107' title='bbox 1150 1172 1214 1223; x_wconf 82' lang='lat'>71</span> <span class='ocrx_word' id='word_1_108' title='bbox 1274 1191 1305 1223; x_wconf 87' lang='grc'>6</span> <span class='ocrx_word' id='word_1_109' title='bbox 1345 1192 1376 1224; x_wconf 91' lang='grc'>6</span> <span class='ocrx_word' id='word_1_110' title='bbox 1428 1173 1678 1225; x_wconf 88' lang='grc'>8616168</span> <span class='ocrx_word' id='word_1_111' title='bbox 1742 1192 1866 1225; x_wconf 91' lang='lat' dir='ltr'>am-</span> 
     </span>
     <span class='ocr_line' id='line_1_16' title="bbox 105 1246 1868 1317; baseline 0.002 -21"><span class='ocrx_word' id='word_1_112' title='bbox 105 1247 354 1300; x_wconf 59' lang='grc'>1516111611</span> <span class='ocrx_word' id='word_1_113' title='bbox 407 1247 738 1299; x_wconf 87' lang='lat' dir='ltr'>ueneficae</span> <span class='ocrx_word' id='word_1_114' title='bbox 803 1246 1177 1298; x_wconf 73' lang='lat' dir='ltr'>scientioris</span> <span class='ocrx_word' id='word_1_115' title='bbox 1233 1247 1526 1298; x_wconf 88' lang='lat' dir='ltr'>carmine.</span> <span class='ocrx_word' id='word_1_116' title='bbox 1618 1247 1721 1300; x_wconf 91' lang='lat' dir='ltr'>hoc</span> <span class='ocrx_word' id='word_1_117' title='bbox 1770 1251 1868 1317; x_wconf 91' lang='grc'>681,</span> 
     </span>
     <span class='ocr_line' id='line_1_17' title="bbox 173 1320 1868 1391; baseline 0 -17"><span class='ocrx_word' id='word_1_118' title='bbox 173 1322 315 1391; x_wconf 92' lang='lat' dir='ltr'>quod</span> <span class='ocrx_word' id='word_1_119' title='bbox 369 1321 655 1390; x_wconf 80' lang='lat' dir='ltr'>ingemuit,</span> <span class='ocrx_word' id='word_1_120' title='bbox 711 1321 854 1389; x_wconf 91' lang='lat' dir='ltr'>quod</span> <span class='ocrx_word' id='word_1_121' title='bbox 906 1321 1011 1372; x_wconf 91' lang='lat' dir='ltr'>alia</span> <span class='ocrx_word' id='word_1_122' title='bbox 1067 1320 1319 1373; x_wconf 92' lang='lat' dir='ltr'>scientior</span> <span class='ocrx_word' id='word_1_123' title='bbox 1365 1321 1606 1372; x_wconf 88' lang='lat' dir='ltr'>uenefica</span> <span class='ocrx_word' id='word_1_124' title='bbox 1643 1321 1868 1374; x_wconf 87' lang='lat' dir='ltr'>inuenta</span> 
     </span>
     <span class='ocr_line' id='line_1_18' title="bbox 173 1394 1868 1464; baseline 0 -16"><span class='ocrx_word' id='word_1_125' title='bbox 173 1397 242 1448; x_wconf 92' lang='lat' dir='ltr'>sit</span> <span class='ocrx_word' id='word_1_126' title='bbox 267 1415 428 1464; x_wconf 91' lang='lat' dir='ltr'>quam</span> <span class='ocrx_word' id='word_1_127' title='bbox 452 1396 569 1464; x_wconf 90' lang='lat' dir='ltr'>ipsa</span> <span class='ocrx_word' id='word_1_128' title='bbox 595 1398 689 1447; x_wconf 91' lang='lat' dir='ltr'>est.</span> <span class='ocrx_word' id='word_1_129' title='bbox 798 1394 867 1447; x_wconf 80' lang='lat'>75</span> <span class='ocrx_word' id='word_1_130' title='bbox 907 1395 981 1446; x_wconf 90' lang='lat' dir='ltr'>ad</span> <span class='ocrx_word' id='word_1_131' title='bbox 1021 1413 1112 1446; x_wconf 92' lang='lat' dir='ltr'>me</span> <span class='ocrx_word' id='word_1_132' title='bbox 1152 1412 1445 1447; x_wconf 82' lang='lat' dir='ltr'>recurres</span> <span class='ocrx_word' id='word_1_133' title='bbox 1485 1413 1598 1447; x_wconf 92' lang='lat' dir='ltr'>nec</span> <span class='ocrx_word' id='word_1_134' title='bbox 1637 1399 1868 1449; x_wconf 90' lang='lat' dir='ltr'>uocata</span> 
     </span>
     <span class='ocr_line' id='line_1_19' title="bbox 170 1469 1867 1526; baseline 0 -4"><span class='ocrx_word' id='word_1_135' title='bbox 170 1488 345 1522; x_wconf 91' lang='lat' dir='ltr'>mens</span> <span class='ocrx_word' id='word_1_136' title='bbox 399 1473 510 1522; x_wconf 89' lang='lat' dir='ltr'>tua</span> <span class='ocrx_word' id='word_1_137' title='bbox 563 1469 795 1521; x_wconf 86' lang='lat' dir='ltr'>Marsis</span> <span class='ocrx_word' id='word_1_138' title='bbox 851 1469 1093 1521; x_wconf 88' lang='lat' dir='ltr'>redibit</span> <span class='ocrx_word' id='word_1_139' title='bbox 1141 1470 1426 1526; x_wconf 76' lang='lat' dir='ltr'>uocibus,</span> <span class='ocrx_word' id='word_1_140' title='bbox 1526 1488 1685 1522; x_wconf 92' lang='lat' dir='ltr'>uoces</span> <span class='ocrx_word' id='word_1_141' title='bbox 1742 1488 1867 1522; x_wconf 90' lang='lat' dir='ltr'>suas</span> 
     </span>
     <span class='ocr_line' id='line_1_20' title="bbox 171 1543 1867 1613; baseline 0 -17"><span class='ocrx_word' id='word_1_142' title='bbox 171 1543 378 1596; x_wconf 90' lang='lat' dir='ltr'>Marsas</span> <span class='ocrx_word' id='word_1_143' title='bbox 420 1544 548 1596; x_wconf 87' lang='lat' dir='ltr'>dicit</span> <span class='ocrx_word' id='word_1_144' title='bbox 588 1544 742 1612; x_wconf 89' lang='lat' dir='ltr'>quasi</span> <span class='ocrx_word' id='word_1_145' title='bbox 781 1544 1041 1613; x_wconf 75' lang='lat' dir='ltr'>magicaS,</span> <span class='ocrx_word' id='word_1_146' title='bbox 1096 1545 1157 1595; x_wconf 89' lang='lat' dir='ltr'>ut</span> <span class='ocrx_word' id='word_1_147' title='bbox 1205 1544 1275 1595; x_wconf 90' lang='lat' dir='ltr'>sit</span> <span class='ocrx_word' id='word_1_148' title='bbox 1315 1562 1525 1595; x_wconf 87' lang='lat' dir='ltr'>sensus:</span> <span class='ocrx_word' id='word_1_149' title='bbox 1582 1562 1733 1596; x_wconf 90' lang='lat' dir='ltr'>mens</span> <span class='ocrx_word' id='word_1_150' title='bbox 1772 1547 1867 1596; x_wconf 92' lang='lat' dir='ltr'>tua</span> 
     </span>
     <span class='ocr_line' id='line_1_21' title="bbox 96 1617 1868 1688; baseline 0.002 -21"><span class='ocrx_word' id='word_1_151' title='bbox 96 1634 149 1667; x_wconf 80' lang='lat'>&#39;20</span> <span class='ocrx_word' id='word_1_152' title='bbox 172 1618 395 1688; x_wconf 81' lang='lat' dir='ltr'>magicis</span> <span class='ocrx_word' id='word_1_153' title='bbox 435 1617 568 1669; x_wconf 90' lang='lat' dir='ltr'>meis</span> <span class='ocrx_word' id='word_1_154' title='bbox 607 1617 831 1670; x_wconf 89' lang='lat' dir='ltr'>uocibus</span> <span class='ocrx_word' id='word_1_155' title='bbox 872 1618 1035 1669; x_wconf 91' lang='lat' dir='ltr'>semel</span> <span class='ocrx_word' id='word_1_156' title='bbox 1075 1620 1298 1669; x_wconf 90' lang='lat' dir='ltr'>euocata</span> <span class='ocrx_word' id='word_1_157' title='bbox 1335 1636 1632 1686; x_wconf 84' lang='lat' dir='ltr'>numquam</span> <span class='ocrx_word' id='word_1_158' title='bbox 1670 1618 1868 1670; x_wconf 86' lang='lat' dir='ltr'>redibit</span> 
     </span>
     <span class='ocr_line' id='line_1_22' title="bbox 173 1690 1870 1759; baseline -0.001 -14"><span class='ocrx_word' id='word_1_159' title='bbox 173 1693 240 1745; x_wconf 92' lang='lat' dir='ltr'>ad</span> <span class='ocrx_word' id='word_1_160' title='bbox 282 1693 582 1745; x_wconf 88' lang='lat' dir='ltr'>sanitatem.</span> <span class='ocrx_word' id='word_1_161' title='bbox 668 1694 762 1743; x_wconf 90' lang='lat' dir='ltr'>aut</span> <span class='ocrx_word' id='word_1_162' title='bbox 811 1691 1072 1759; x_wconf 87' lang='lat' dir='ltr'>numquid</span> <span class='ocrx_word' id='word_1_163' title='bbox 1122 1690 1226 1744; x_wconf 89' lang='grc'>1166</span> <span class='ocrx_word' id='word_1_164' title='bbox 1278 1692 1428 1743; x_wconf 86' lang='lat' dir='ltr'>dicit:</span> <span class='ocrx_word' id='word_1_165' title='bbox 1498 1709 1651 1744; x_wconf 92' lang='lat' dir='ltr'>mens</span> <span class='ocrx_word' id='word_1_166' title='bbox 1701 1694 1796 1744; x_wconf 90' lang='lat' dir='ltr'>tua</span> <span class='ocrx_word' id='word_1_167' title='bbox 1837 1711 1870 1744; x_wconf 93' lang='lat' dir='ltr'>a</span> 
     </span>
     <span class='ocr_line' id='line_1_23' title="bbox 171 1765 1867 1834; baseline 0 -15"><span class='ocrx_word' id='word_1_168' title='bbox 171 1785 256 1819; x_wconf 90' lang='lat' dir='ltr'>me</span> <span class='ocrx_word' id='word_1_169' title='bbox 287 1767 567 1818; x_wconf 90' lang='lat' dir='ltr'>incantata</span> <span class='ocrx_word' id='word_1_170' title='bbox 604 1783 901 1834; x_wconf 87' lang='lat' dir='ltr'>numquam</span> <span class='ocrx_word' id='word_1_171' title='bbox 938 1765 1155 1833; x_wconf 78' lang='lat' dir='ltr'>redibit,</span> <span class='ocrx_word' id='word_1_172' title='bbox 1204 1766 1365 1817; x_wconf 90' lang='lat' dir='ltr'>etiam</span> <span class='ocrx_word' id='word_1_173' title='bbox 1407 1765 1452 1817; x_wconf 87' lang='grc'>81</span> <span class='ocrx_word' id='word_1_174' title='bbox 1490 1765 1685 1818; x_wconf 89' lang='lat' dir='ltr'>Marsis</span> <span class='ocrx_word' id='word_1_175' title='bbox 1724 1767 1867 1819; x_wconf 91' lang='lat' dir='ltr'>uoci-</span> 
     </span>
     <span class='ocr_line' id='line_1_24' title="bbox 171 1839 1865 1908; baseline 0 -15"><span class='ocrx_word' id='word_1_176' title='bbox 171 1841 273 1893; x_wconf 86' lang='lat' dir='ltr'>bus</span> <span class='ocrx_word' id='word_1_177' title='bbox 332 1839 650 1892; x_wconf 84' lang='lat' dir='ltr'>reuocetur‘?</span> <span class='ocrx_word' id='word_1_178' title='bbox 733 1839 901 1891; x_wconf 86' lang='lat' dir='ltr'>Marsi</span> <span class='ocrx_word' id='word_1_179' title='bbox 965 1842 1143 1891; x_wconf 88' lang='lat' dir='ltr'>autem</span> <span class='ocrx_word' id='word_1_180' title='bbox 1206 1840 1365 1908; x_wconf 88' lang='lat' dir='ltr'>periti</span> <span class='ocrx_word' id='word_1_181' title='bbox 1433 1840 1865 1893; x_wconf 71' lang='lat' dir='ltr'>incantationum</span> 
     </span>
     <span class='ocr_line' id='line_1_25' title="bbox 174 1912 1867 1983; baseline 0 -16"><span class='ocrx_word' id='word_1_182' title='bbox 174 1918 313 1968; x_wconf 91' lang='lat' dir='ltr'>sunt.</span> <span class='ocrx_word' id='word_1_183' title='bbox 419 1914 545 1966; x_wconf 88' lang='lat' dir='ltr'>huic</span> <span class='ocrx_word' id='word_1_184' title='bbox 593 1913 756 1966; x_wconf 89' lang='lat' dir='ltr'>etiam</span> <span class='ocrx_word' id='word_1_185' title='bbox 803 1914 881 1965; x_wconf 91' lang='lat' dir='ltr'>rei</span> <span class='ocrx_word' id='word_1_186' title='bbox 919 1912 1254 1983; x_wconf 84' lang='lat' dir='ltr'>Uergilius</span> <span class='ocrx_word' id='word_1_187' title='bbox 1303 1914 1458 1966; x_wconf 90' lang='lat' dir='ltr'>testis</span> <span class='ocrx_word' id='word_1_188' title='bbox 1506 1917 1608 1982; x_wconf 90' lang='grc'>681,</span> <span class='ocrx_word' id='word_1_189' title='bbox 1671 1915 1762 1983; x_wconf 91' lang='lat' dir='ltr'>qui</span> <span class='ocrx_word' id='word_1_190' title='bbox 1802 1915 1867 1967; x_wconf 91' lang='lat' dir='ltr'>de</span> 
     </span>
     <span class='ocr_line' id='line_1_26' title="bbox 105 1987 1866 2057; baseline 0.003 -22"><span class='ocrx_word' id='word_1_191' title='bbox 105 2004 149 2036; x_wconf 82' lang='lat'>25</span> <span class='ocrx_word' id='word_1_192' title='bbox 173 1989 303 2041; x_wconf 88' lang='lat' dir='ltr'>duce</span> <span class='ocrx_word' id='word_1_193' title='bbox 335 1988 638 2041; x_wconf 85' lang='lat' dir='ltr'>Marsorum</span> <span class='ocrx_word' id='word_1_194' title='bbox 663 1988 738 2040; x_wconf 89' lang='lat' dir='ltr'>sic</span> <span class='ocrx_word' id='word_1_195' title='bbox 779 1988 875 2040; x_wconf 88' lang='lat' dir='ltr'>ait:</span> <span class='ocrx_word' id='word_1_196' title='bbox 919 1987 1234 2057; x_wconf 79' lang='lat' dir='ltr'>Spargere</span> <span class='ocrx_word' id='word_1_197' title='bbox 1276 1989 1382 2057; x_wconf 91' lang='lat' dir='ltr'>qui</span> <span class='ocrx_word' id='word_1_198' title='bbox 1423 2006 1677 2041; x_wconf 87' lang='lat' dir='ltr'>somnos</span> <span class='ocrx_word' id='word_1_199' title='bbox 1718 2006 1866 2040; x_wconf 91' lang='lat' dir='ltr'>can-</span> 
     </span>
     <span class='ocr_line' id='line_1_27' title="bbox 172 2062 1870 2132; baseline 0 -17"><span class='ocrx_word' id='word_1_200' title='bbox 172 2066 365 2132; x_wconf 91' lang='lat' dir='ltr'>tuque</span> <span class='ocrx_word' id='word_1_201' title='bbox 427 2081 743 2131; x_wconf 91' lang='lat' dir='ltr'>manuque</span> <span class='ocrx_word' id='word_1_202' title='bbox 801 2062 1066 2115; x_wconf 88' lang='lat' dir='ltr'>solebat.</span> <span class='ocrx_word' id='word_1_203' title='bbox 1199 2063 1265 2116; x_wconf 82' lang='grc'>78</span> <span class='ocrx_word' id='word_1_204' title='bbox 1328 2062 1703 2114; x_wconf 86' lang='lat' dir='ltr'>fastidienti</span> <span class='ocrx_word' id='word_1_205' title='bbox 1756 2080 1870 2131; x_wconf 80' lang='lat' dir='ltr'>po-</span> 
     </span>
     <span class='ocr_line' id='line_1_28' title="bbox 174 2136 1863 2204; baseline -0.001 -15"><span class='ocrx_word' id='word_1_206' title='bbox 174 2138 395 2190; x_wconf 89' lang='lat' dir='ltr'>culum.</span> <span class='ocrx_word' id='word_1_207' title='bbox 471 2136 874 2189; x_wconf 85' lang='lat' dir='ltr'>fastidienti:</span> <span class='ocrx_word' id='word_1_208' title='bbox 915 2155 999 2188; x_wconf 94' lang='lat' dir='ltr'>me</span> <span class='ocrx_word' id='word_1_209' title='bbox 1034 2136 1249 2189; x_wconf 87' lang='lat' dir='ltr'>scilicet.</span> <span class='ocrx_word' id='word_1_210' title='bbox 1373 2137 1442 2190; x_wconf 80' lang='lat'>86</span> <span class='ocrx_word' id='word_1_211' title='bbox 1483 2137 1660 2188; x_wconf 88' lang='lat' dir='ltr'>misit</span> <span class='ocrx_word' id='word_1_212' title='bbox 1700 2136 1863 2204; x_wconf 81' lang='lat' dir='ltr'><strong>Thy-</strong></span> 
     </span>
     <span class='ocr_line' id='line_1_29' title="bbox 174 2211 1865 2280; baseline 0 -18"><span class='ocrx_word' id='word_1_213' title='bbox 174 2214 381 2263; x_wconf 90' lang='lat' dir='ltr'>esteas</span> <span class='ocrx_word' id='word_1_214' title='bbox 435 2229 655 2280; x_wconf 87' lang='lat' dir='ltr'>preces</span> <span class='ocrx_word' id='word_1_215' title='bbox 724 2211 779 2262; x_wconf 92' lang='lat' dir='ltr'>id</span> <span class='ocrx_word' id='word_1_216' title='bbox 820 2214 924 2263; x_wconf 88' lang='lat' dir='ltr'>est:</span> <span class='ocrx_word' id='word_1_217' title='bbox 987 2211 1130 2263; x_wconf 89' lang='lat' dir='ltr'>diras</span> <span class='ocrx_word' id='word_1_218' title='bbox 1178 2212 1568 2263; x_wconf 85' lang='lat' dir='ltr'>exsecrationes</span> <span class='ocrx_word' id='word_1_219' title='bbox 1616 2211 1865 2279; x_wconf 88' lang='lat' dir='ltr'>qualibus</span> 
     </span>
     <span class='ocr_line' id='line_1_30' title="bbox 172 2284 1868 2354; baseline 0.001 -18"><span class='ocrx_word' id='word_1_220' title='bbox 172 2284 231 2336; x_wconf 89' lang='lat' dir='ltr'>in</span> <span class='ocrx_word' id='word_1_221' title='bbox 253 2285 546 2354; x_wconf 83' lang='lat' dir='ltr'>tragoediis</span> <span class='ocrx_word' id='word_1_222' title='bbox 568 2284 829 2352; x_wconf 81' lang='lat' dir='ltr'>Thyestes</span> <span class='ocrx_word' id='word_1_223' title='bbox 846 2284 1074 2338; x_wconf 89' lang='lat' dir='ltr'>Atreum</span> <span class='ocrx_word' id='word_1_224' title='bbox 1100 2289 1416 2338; x_wconf 89' lang='lat' dir='ltr'>exsecratur.</span> <span class='ocrx_word' id='word_1_225' title='bbox 1518 2286 1585 2338; x_wconf 81' lang='lat'>87</span> <span class='ocrx_word' id='word_1_226' title='bbox 1619 2303 1868 2337; x_wconf 87' lang='lat' dir='ltr'>uenena</span> 
     </span>
     <span class='ocr_line' id='line_1_31' title="bbox 106 2358 1868 2428; baseline 0.002 -21"><span class='ocrx_word' id='word_1_227' title='bbox 106 2372 151 2405; x_wconf 79' lang='lat'>30</span> <span class='ocrx_word' id='word_1_228' title='bbox 173 2377 468 2428; x_wconf 82' lang='lat' dir='ltr'>magnum</span> <span class='ocrx_word' id='word_1_229' title='bbox 508 2359 605 2410; x_wconf 87' lang='lat' dir='ltr'>fas</span> <span class='ocrx_word' id='word_1_230' title='bbox 645 2359 956 2427; x_wconf 84' lang='lat' dir='ltr'>nefasque</span> <span class='ocrx_word' id='word_1_231' title='bbox 996 2377 1124 2411; x_wconf 91' lang='lat' dir='ltr'>non</span> <span class='ocrx_word' id='word_1_232' title='bbox 1170 2360 1404 2411; x_wconf 89' lang='lat' dir='ltr'>ualent.</span> <span class='ocrx_word' id='word_1_233' title='bbox 1482 2376 1740 2428; x_wconf 84' lang='lat' dir='ltr'>magnum</span> <span class='ocrx_word' id='word_1_234' title='bbox 1781 2358 1868 2410; x_wconf 86' lang='lat' dir='ltr'>fas</span> 
     </span>
    </p>
   </div>
   <div class='ocr_carea' id='block_1_3' title="bbox 293 2475 1147 2531">
    <p class='ocr_par' dir='ltr' id='par_1_3' title="bbox 293 2475 1147 2531">
     <span class='ocr_line' id='line_1_32' title="bbox 293 2475 1147 2531; baseline 0.001 -13"><span class='ocrx_word' id='word_1_235' title='bbox 293 2479 318 2518; x_wconf 88' lang='lat'>5</span> <span class='ocrx_word' id='word_1_236' title='bbox 351 2475 465 2518; x_wconf 87' lang='lat' dir='ltr'>Aen.</span> <span class='ocrx_word' id='word_1_237' title='bbox 499 2480 539 2529; x_wconf 89' lang='lat'>3,</span> <span class='ocrx_word' id='word_1_238' title='bbox 573 2480 628 2519; x_wconf 88' lang='grc'>28</span> <span class='ocrx_word' id='word_1_239' title='bbox 751 2479 806 2518; x_wconf 84' lang='grc'>25</span> <span class='ocrx_word' id='word_1_240' title='bbox 839 2476 952 2519; x_wconf 90' lang='grc' dir='ltr'>Α66.</span> <span class='ocrx_word' id='word_1_241' title='bbox 987 2481 1027 2531; x_wconf 87' lang='grc'>8,</span> <span class='ocrx_word' id='word_1_242' title='bbox 1062 2480 1147 2519; x_wconf 83' lang='lat'>754</span> 
     </span>
    </p>
   </div>
   <div class='ocr_carea' id='block_1_4' title="bbox 174 2593 1868 2769">
    <p class='ocr_par' dir='ltr' id='par_1_4' title="bbox 174 2593 1868 2769">
     <span class='ocr_line' id='line_1_33' title="bbox 295 2593 1868 2650; baseline 0.001 -13"><span class='ocrx_word' id='word_1_243' title='bbox 295 2598 318 2636; x_wconf 88' lang='lat'>1</span> <span class='ocrx_word' id='word_1_244' title='bbox 373 2594 665 2637; x_wconf 84' lang='lat' dir='ltr'>medeessent</span> <span class='ocrx_word' id='word_1_245' title='bbox 720 2594 784 2637; x_wconf 89' lang='lat' dir='ltr'>M</span> <span class='ocrx_word' id='word_1_246' title='bbox 834 2608 977 2648; x_wconf 90' lang='lat' dir='ltr'>quum</span> <span class='ocrx_word' id='word_1_247' title='bbox 1011 2629 1021 2637; x_wconf 89' lang='lat'>.</span> <span class='ocrx_word' id='word_1_248' title='bbox 1056 2628 1064 2637; x_wconf 91' lang='lat'><strong>.</strong></span> <span class='ocrx_word' id='word_1_249' title='bbox 1106 2593 1199 2638; x_wconf 89' lang='lat' dir='ltr'>sint</span> <span class='ocrx_word' id='word_1_250' title='bbox 1252 2594 1512 2650; x_wconf 72' lang='lat' dir='ltr'>Stephanus</span> <span class='ocrx_word' id='word_1_251' title='bbox 1633 2599 1657 2637; x_wconf 89' lang='grc'>2</span> <span class='ocrx_word' id='word_1_252' title='bbox 1707 2594 1868 2638; x_wconf 86' lang='grc'>6161166</span> 
     </span>
     <span class='ocr_line' id='line_1_34' title="bbox 175 2653 1866 2709; baseline 0 -13"><span class='ocrx_word' id='word_1_253' title='bbox 175 2653 239 2696; x_wconf 84' lang='grc' dir='ltr'><strong>Μ</strong></span> <span class='ocrx_word' id='word_1_254' title='bbox 370 2658 398 2696; x_wconf 86' lang='grc'>4</span> <span class='ocrx_word' id='word_1_255' title='bbox 453 2654 792 2697; x_wconf 73' lang='grc' dir='ltr'>6ΦΕΞΝΓΗΕΙΕ</span> <span class='ocrx_word' id='word_1_256' title='bbox 826 2653 889 2695; x_wconf 88' lang='lat' dir='ltr'>M</span> <span class='ocrx_word' id='word_1_257' title='bbox 1045 2659 1070 2697; x_wconf 84' lang='lat'>6</span> <span class='ocrx_word' id='word_1_258' title='bbox 1118 2653 1362 2709; x_wconf 84' lang='lat' dir='ltr'>liquuntur</span> <span class='ocrx_word' id='word_1_259' title='bbox 1414 2654 1568 2707; x_wconf 69' lang='lat' dir='ltr'>multi,</span> <span class='ocrx_word' id='word_1_260' title='bbox 1622 2653 1866 2696; x_wconf 76' lang='lat' dir='ltr'>maculant</span> 
     </span>
     <span class='ocr_line' id='line_1_35' title="bbox 174 2712 1794 2769; baseline -0.001 -14"><span class='ocrx_word' id='word_1_261' title='bbox 174 2725 323 2755; x_wconf 76' lang='lat' dir='ltr'>omnes</span> <span class='ocrx_word' id='word_1_262' title='bbox 363 2712 492 2769; x_wconf 69' lang='lat' dir='ltr'>Uery.</span> <span class='ocrx_word' id='word_1_263' title='bbox 526 2713 652 2757; x_wconf 80' lang='lat' dir='ltr'>codd.</span> <span class='ocrx_word' id='word_1_264' title='bbox 784 2718 835 2755; x_wconf 88' lang='lat'>11</span> <span class='ocrx_word' id='word_1_265' title='bbox 869 2726 1023 2756; x_wconf 86' lang='grc'>668616</span> <span class='ocrx_word' id='word_1_266' title='bbox 1057 2726 1150 2767; x_wconf 90' lang='lat' dir='ltr'>qua</span> <span class='ocrx_word' id='word_1_267' title='bbox 1183 2713 1245 2755; x_wconf 93' lang='lat' dir='ltr'>M</span> <span class='ocrx_word' id='word_1_268' title='bbox 1362 2713 1595 2757; x_wconf 88' lang='lat' dir='ltr'>ueneficae</span> <span class='ocrx_word' id='word_1_269' title='bbox 1627 2712 1794 2756; x_wconf 77' lang='lat' dir='ltr'>addidi</span> 
     </span>
    </p>
   </div>
   <div class='ocr_carea' id='block_1_5' title="bbox 173 2770 1866 3064">
    <p class='ocr_par' dir='ltr' id='par_1_5' title="bbox 176 2770 1859 2826">
     <span class='ocr_line' id='line_1_36' title="bbox 176 2770 1859 2826; baseline 0 -13"><span class='ocrx_word' id='word_1_270' title='bbox 176 2775 230 2814; x_wconf 82' lang='lat'>15</span> <span class='ocrx_word' id='word_1_271' title='bbox 262 2770 489 2816; x_wconf 82' lang='lat' dir='ltr'>ueneficia</span> <span class='ocrx_word' id='word_1_272' title='bbox 509 2772 571 2814; x_wconf 95' lang='lat' dir='ltr'>M</span> <span class='ocrx_word' id='word_1_273' title='bbox 660 2777 714 2815; x_wconf 83' lang='lat'>16</span> <span class='ocrx_word' id='word_1_274' title='bbox 741 2772 812 2814; x_wconf 84' lang='lat' dir='ltr'>est</span> <span class='ocrx_word' id='word_1_275' title='bbox 843 2771 956 2826; x_wconf 78' lang='lat' dir='ltr'>quld</span> <span class='ocrx_word' id='word_1_276' title='bbox 983 2772 1046 2814; x_wconf 95' lang='lat' dir='ltr'>M</span> <span class='ocrx_word' id='word_1_277' title='bbox 1134 2772 1446 2816; x_wconf 79' lang='lat' dir='ltr'>ueneflclaM</span> <span class='ocrx_word' id='word_1_278' title='bbox 1535 2776 1588 2815; x_wconf 83' lang='lat'>17</span> <span class='ocrx_word' id='word_1_279' title='bbox 1620 2784 1859 2815; x_wconf 83' lang='lat' dir='ltr'>recurrens</span> 
     </span>
    </p>

    <p class='ocr_par' dir='ltr' id='par_1_6' title="bbox 176 2828 1862 2887">
     <span class='ocr_line' id='line_1_37' title="bbox 176 2828 1862 2887; baseline 0 -15"><span class='ocrx_word' id='word_1_280' title='bbox 176 2830 240 2872; x_wconf 92' lang='lat' dir='ltr'>M</span> <span class='ocrx_word' id='word_1_281' title='bbox 355 2835 412 2873; x_wconf 86' lang='grc'>24</span> <span class='ocrx_word' id='word_1_282' title='bbox 460 2830 540 2886; x_wconf 88' lang='lat' dir='ltr'>qui</span> <span class='ocrx_word' id='word_1_283' title='bbox 578 2831 636 2874; x_wconf 84' lang='grc'>(16</span> <span class='ocrx_word' id='word_1_284' title='bbox 669 2830 786 2874; x_wconf 89' lang='lat' dir='ltr'>duce</span> <span class='ocrx_word' id='word_1_285' title='bbox 816 2843 921 2873; x_wconf 72' lang='lat' dir='ltr'>nos:</span> <span class='ocrx_word' id='word_1_286' title='bbox 972 2845 1053 2885; x_wconf 80' lang='lat' dir='ltr'>qui</span> <span class='ocrx_word' id='word_1_287' title='bbox 1101 2831 1253 2874; x_wconf 77' lang='lat' dir='ltr'>edoc&amp;</span> <span class='ocrx_word' id='word_1_288' title='bbox 1285 2832 1349 2874; x_wconf 95' lang='lat' dir='ltr'>M</span> <span class='ocrx_word' id='word_1_289' title='bbox 1392 2831 1474 2887; x_wconf 89' lang='lat' dir='ltr'>qui</span> <span class='ocrx_word' id='word_1_290' title='bbox 1521 2831 1578 2874; x_wconf 90' lang='lat' dir='ltr'>de</span> <span class='ocrx_word' id='word_1_291' title='bbox 1626 2828 1862 2873; x_wconf 83' lang='lat' dir='ltr'>sacerdote</span> 
     </span>
    </p>

    <p class='ocr_par' dir='ltr' id='par_1_7' title="bbox 173 2888 1861 2946">
     <span class='ocr_line' id='line_1_38' title="bbox 173 2888 1861 2946; baseline -0.001 -15"><span class='ocrx_word' id='word_1_292' title='bbox 173 2888 397 2933; x_wconf 75' lang='lat' dir='ltr'>Hauthal.</span> <span class='ocrx_word' id='word_1_293' title='bbox 460 2894 513 2933; x_wconf 75' lang='lat' dir='ltr'>ut</span> <span class='ocrx_word' id='word_1_294' title='bbox 553 2889 782 2946; x_wconf 72' lang='lat' dir='ltr'>Uerqilius</span> <span class='ocrx_word' id='word_1_295' title='bbox 819 2888 1058 2933; x_wconf 76' lang='lat' dir='ltr'>Mai-rubia</span> <span class='ocrx_word' id='word_1_296' title='bbox 1095 2891 1248 2945; x_wconf 60' lang='lat' dir='ltr'>‘inquit</span> <span class='ocrx_word' id='word_1_297' title='bbox 1286 2890 1416 2935; x_wconf 86' lang='lat' dir='ltr'>uenit</span> <span class='ocrx_word' id='word_1_298' title='bbox 1446 2890 1502 2934; x_wconf 89' lang='lat' dir='ltr'>de</span> <span class='ocrx_word' id='word_1_299' title='bbox 1543 2890 1682 2946; x_wconf 86' lang='lat' dir='ltr'>gente</span> <span class='ocrx_word' id='word_1_300' title='bbox 1713 2901 1861 2931; x_wconf 85' lang='grc'>86661·-</span> 
     </span>
    </p>

    <p class='ocr_par' dir='ltr' id='par_1_8' title="bbox 175 2946 1866 3064">
     <span class='ocr_line' id='line_1_39' title="bbox 175 2946 1866 3006; baseline 0 -16"><span class='ocrx_word' id='word_1_301' title='bbox 175 2946 278 3003; x_wconf 88' lang='lat' dir='ltr'>dos,</span> <span class='ocrx_word' id='word_1_302' title='bbox 326 2949 395 2991; x_wconf 79' lang='lat' dir='ltr'>ita</span> <span class='ocrx_word' id='word_1_303' title='bbox 426 2948 619 2993; x_wconf 74' lang='lat' dir='ltr'>Seruius</span> <span class='ocrx_word' id='word_1_304' title='bbox 665 2949 725 2993; x_wconf 89' lang='lat' dir='ltr'>ab</span> <span class='ocrx_word' id='word_1_305' title='bbox 761 2948 834 2991; x_wconf 85' lang='lat' dir='ltr'>his</span> <span class='ocrx_word' id='word_1_306' title='bbox 872 2948 1052 2992; x_wconf 87' lang='lat' dir='ltr'>uenisse</span> <span class='ocrx_word' id='word_1_307' title='bbox 1091 2948 1208 2993; x_wconf 86' lang='lat' dir='ltr'>dicit</span> <span class='ocrx_word' id='word_1_308' title='bbox 1243 2963 1337 2993; x_wconf 90' lang='lat' dir='ltr'>non</span> <span class='ocrx_word' id='word_1_309' title='bbox 1367 2963 1526 3006; x_wconf 84' lang='lat' dir='ltr'>regem</span> <span class='ocrx_word' id='word_1_310' title='bbox 1564 2947 1645 2991; x_wconf 86' lang='lat' dir='ltr'>sed</span> <span class='ocrx_word' id='word_1_311' title='bbox 1684 2947 1866 2991; x_wconf 88' lang='lat' dir='ltr'>ducem.</span> 
     </span>
     <span class='ocr_line' id='line_1_40' title="bbox 294 3007 1349 3064; baseline 0.002 -14"><span class='ocrx_word' id='word_1_312' title='bbox 294 3011 348 3050; x_wconf 84' lang='lat'>26</span> <span class='ocrx_word' id='word_1_313' title='bbox 380 3008 607 3064; x_wconf 86' lang='lat' dir='ltr'>populum</span> <span class='ocrx_word' id='word_1_314' title='bbox 639 3008 704 3051; x_wconf 92' lang='lat' dir='ltr'>M</span> <span class='ocrx_word' id='word_1_315' title='bbox 820 3012 875 3052; x_wconf 83' lang='grc'>27</span> <span class='ocrx_word' id='word_1_316' title='bbox 906 3021 996 3051; x_wconf 85' lang='grc'>6181</span> <span class='ocrx_word' id='word_1_317' title='bbox 1026 3007 1251 3052; x_wconf 82' lang='grc'>1111681668</span> <span class='ocrx_word' id='word_1_318' title='bbox 1285 3009 1349 3052; x_wconf 92' lang='lat' dir='ltr'>M</span> 
     </span>
    </p>
   </div>
  </div>
 </body>
</html>
