1939 3197
672 67 874 112 SERMO
908 69 941 125 I,
975 74 1015 124 3,
1049 75 1237 114 46—57.
1685 73 1792 124 203

108 206 238 258 mire
300 203 434 255 dixit
486 204 624 254 male
679 222 929 272 paruum,
985 206 1172 257 uolens
1235 206 1476 276 intellegi
1543 208 1792 259 macilen-

107 284 238 332 tum.
330 278 399 330 46
441 280 508 328 ut
548 277 884 330 abortiuus
917 279 1042 330 fuit
1076 279 1225 331 olim
1259 278 1589 349 Sisyphus.
1653 281 1793 347 Sisy-

96 354 236 421 phus·
288 351 456 403 Marci
511 350 718 402 Antoni
780 352 1049 404 triumuiri
1103 354 1326 421 pumilio
1381 355 1547 406 fuisse
1602 355 1795 406 dicitur

106 429 249 479 intra
287 425 588 494 bipedalem
629 428 891 477 staturam
930 426 1150 496 ingenio
1189 431 1372 479 tamen
1410 429 1587 480 uiuax.
1721 430 1790 480 47

107 501 272 552 hunc
312 519 345 551 u
358 518 542 564 arumm
568 498 869 551 distortis
911 501 1219 552 cruribus.
1296 503 1413 553 uari
1454 503 1794 570 appellantur
1818 518 1837 550 5

105 576 399 627 introrsum
459 573 677 625 retortis
739 574 977 641 pedibus.
1125 576 1195 626 47
1259 576 1378 627 illu
1389 595 1442 627 m
1505 577 1538 628 b
1551 578 1608 628 al
1619 577 1652 628 b
1662 596 1698 628 u
1711 580 1734 627 t
1745 577 1794 628 it

109 668 132 701 s
144 667 170 701 c
182 668 212 700 a
223 668 257 700 u
267 667 293 699 r
303 667 338 699 u
349 667 416 699 111.
517 648 690 699 scauri
738 651 886 715 sunt,
937 648 1028 716 qui
1083 652 1326 701 extantes
1382 651 1522 702 talos
1576 651 1792 702 habent.

109 723 345 775 suauiter
386 724 563 773 autem
616 721 748 772 dixit
794 722 828 773 b
841 723 898 772 al
909 722 942 772 b
953 725 1019 773 ut
1030 722 1046 772 i
1057 726 1080 773 t
1128 742 1150 773 s
1163 741 1188 774 0
1200 741 1230 773 3
1241 743 1275 774 11
1285 742 1311 774 r
1321 743 1355 774 u
1366 743 1432 775 m.
1535 724 1610 775 sic
1651 725 1792 775 enim

105 796 442 848 blandientes
490 795 790 846 infantibus
837 796 1132 865 infringere
1187 797 1429 866 linguam
1484 799 1680 865 solent,
1735 802 1794 849 ut

107 869 260 939 quasi
300 888 389 921 eos
430 869 720 920 imitentur.
856 870 926 921 49
969 871 1225 938 parcius
1272 871 1374 922 1110
1414 870 1580 922 uiuit
1617 872 1791 940 frugi
1818 888 1859 918 ιο

106 945 372 996 dicatur.
471 943 558 994 liic
613 943 721 994 iani
769 943 1027 1012 ostendit,
1082 944 1261 1012 qualia
1317 945 1610 998 amicorum
1661 947 1792 997 uitia

103 1018 408 1071 existimare
449 1020 503 1068 et
543 1017 812 1085 appellare
853 1017 1153 1070 debeamus.
1290 1019 1358 1071 51
1409 1022 1471 1071 at
1519 1023 1614 1071 est
1659 1023 1792 1071 tru-

107 1092 429 1145 culentior
470 1094 658 1158 atque
697 1092 840 1159 plus
882 1110 1081 1160 aequo
1122 1093 1300 1144 liber.
1365 1094 1633 1161 simplex
1662 1094 1790 1145 for-

105 1167 321 1234 tisque
361 1165 690 1216 habeatur.
770 1166 1035 1232 simplices
1076 1167 1240 1236 uulgo
1281 1186 1378 1234 pro
1413 1169 1706 1219 mansuetis
1741 1171 1793 1218 et

105 1240 362 1292 modestis
411 1239 609 1290 dicunt.
710 1258 803 1291 cur
849 1239 936 1291 liic
978 1240 1273 1308 simplicem
1315 1241 1468 1308 dixit,
1517 1242 1607 1310 qui
1651 1242 1792 1310 quod
1818 1256 1858 1288 15

107 1315 304 1366 sentiat
343 1314 405 1364 (10
447 1314 618 1365 3111100
659 1313 828 1365 libera
866 1314 1054 1383 lingua
1091 1316 1443 1383 pronuntiet?
1558 1316 1627 1367 53
1668 1316 1792 1368 cal-

104 1390 243 1441 dior
281 1392 393 1440 cst:
433 1386 464 1413 *³
488 1386 519 1413 ἦρ
553 1390 605 1438 et
635 1387 864 1440 honesto
898 1388 1115 1440 nomine
1156 1407 1276 1441 acer
1316 1389 1535 1441 dicatur.
1634 1389 1704 1441 55
1731 1393 1794 1441 at

107 1481 222 1515 nos
278 1462 558 1513 uirtutes
613 1462 790 1528 ipsas
844 1463 1229 1515 inuertimus
1292 1463 1346 1514 id
1401 1467 1503 1515 est:
1568 1464 1794 1532 maligni

106 1537 238 1588 adeo
285 1535 493 1605 ingenii·
540 1554 744 1603 011111110,
792 1539 852 1587 ut
898 1555 1009 1588 non
1056 1540 1269 1589 tantum
1317 1538 1450 1589 uitia
1502 1537 1794 1589 amicorum

105 1629 218 1663 non
264 1613 533 1679 tegamus,
581 1611 673 1661 secl
721 1611 881 1661 etiam
929 1611 1113 1663 laudes
1160 1611 1307 1679 ipsas
1357 1612 1495 1664 male
1535 1612 1791 1680 interpre-
1817 1627 1859 1658 20

103 1687 281 1736 tantes
330 1685 619 1752 culpemus
771 1684 841 1736 55
889 1688 1076 1754 atque
1133 1686 1450 1738 sincerum
1505 1687 1792 1756 cupimus

105 1778 215 1811 uas
255 1758 632 1810 incrustare.
710 1759 1026 1828 allegoricos
1073 1759 1176 1813 1100
1225 1761 1431 1812 dicitur.
1508 1760 1793 1813 incrustari

104 1835 285 1885 autem
332 1851 428 1884 uas
477 1832 693 1901 dicitur,
740 1851 860 1884 cuin
908 1834 1086 1902 aliquo
1135 1834 1331 1887 uitioso
1382 1854 1507 1887 suco
1548 1835 1794 1886 inlinitur

107 1910 266 1975 atque
307 1906 620 1974 inquinatur
661 1904 899 1977 [autem].
1000 1908 1293 1960 secundum
1334 1909 1477 1976 quod
1518 1912 1571 1962 et
1609 1908 1791 1960 Luci-

104 1982 230 2032 lius
291 1981 348 2031 in
402 1979 484 2031 HI
539 1981 826 2032 satirarum
882 1982 957 2033 ait
1010 1980 1167 2033 Nam
1229 1983 1347 2033 mel
1410 1983 1791 2053 regionibus
1817 1998 1859 2030 25

105 2054 241 2106 illis
281 2053 693 2106 Incrustatus
734 2055 900 2106 calix
939 2057 971 2119 ἢ
1010 2059 1155 2107 ruta
1195 2057 1397 2108 caulis
1430 2057 1717 2109 habetur.

105 2129 174 2181 57
217 2128 318 2179 1111
357 2129 540 2180 tardo
582 2146 934 2197 cognomen
982 2130 1207 2198 pingui
1255 2130 1487 2183 damus,
1567 2128 1661 2200 [id]
1713 2133 1794 2182 est

107 2221 318 2254 sensus:
366 2204 617 2255 naturam
655 2203 722 2271 111
768 2203 960 2254 uitium
1011 2207 1282 2256 uertentes
1321 2224 1418 2273 pro
1459 2205 1650 2275 pingui
1687 2208 1793 2256 tar-

224 2338 280 2377 25
312 2332 481 2377 Lucilii
511 2334 676 2390 fragm.
709 2335 785 2390 III,
820 2339 874 2378 20

224 2457 249 2494 2
283 2453 525 2496 abortibus
568 2489 576 2496 .
612 2487 622 2497 .
663 2453 832 2509 Sisyfus
867 2454 929 2496 M
1077 2460 1103 2497 4
1144 2455 1268 2498 intra
1320 2455 1535 2511 pedalem
1569 2457 1629 2498 M
1667 2455 1794 2511 bipe-

105 2510 259 2554 dalem
290 2512 362 2554 uel
394 2512 726 2568 semipedalem
758 2512 866 2556 Aer.
977 2519 1001 2556 5
1035 2514 1302 2570 apellantur
1328 2515 1391 2557 M
1509 2520 1534 2558 6
1567 2514 1794 2558 balbuttit

105 2570 175 2613 bis
208 2570 269 2612 M
387 2576 412 2614 9
447 2570 674 2628 infingere
709 2572 771 2614 M
802 2578 854 2615 12
889 2573 1093 2630 apellare
1128 2574 1191 2616 M
1311 2579 1363 2618 16
1390 2578 1495 2629 post
1524 2572 1795 2629 pronuntiet

101 2633 355 2684 sequuntur
385 2630 438 2672 in
470 2631 532 2673 M
539 2647 551 2672 .-
585 2631 623 2674 &
653 2645 831 2688 ingenii
871 2647 1051 2687 sumus,
1096 2634 1148 2676 ut
1187 2647 1279 2676 non
1312 2635 1497 2676 tantum
1529 2634 1646 2675 uitia
1677 2646 1794 2676 ami-

105 2702 275 2731 corum.
323 2702 415 2731 non
440 2691 665 2745 tegamus.
724 2690 805 2734 sed
837 2692 984 2735 Sciam.
1028 2706 1143 2748 quae
1174 2693 1316 2736 uerba
1348 2694 1506 2736 lemma
1536 2696 1577 2734 et
1606 2692 1792 2734 initimn

101 2748 266 2791 scholii
297 2762 342 2790 u.
377 2752 435 2791 53
468 2753 757 2793 emcruserzmt
877 2755 933 2794 22
966 2752 1202 2795 incurtare
1236 2753 1299 2794 M
1416 2752 1641 2795 incurtari
1675 2751 1737 2794 M

105 2810 160 2850 25
193 2822 241 2849 in
274 2808 334 2850 111
369 2807 431 2849 M
593 2813 647 2852 26
683 2808 803 2852 calix
834 2809 959 2853 rutai
990 2811 1045 2854 L.
1081 2811 1268 2865 Illicller,
1303 2810 1424 2853 calix
1456 2812 1502 2853 et
1532 2811 1665 2853 rutae
1697 2823 1792 2855 nos.

103 2865 257 2909 Lucili
290 2902 298 2909 .
335 2900 344 2909 .
387 2868 553 2922 quarto
593 2868 844 2911 satirarum
885 2870 954 2912 ait
992 2883 1101 2912 nam
1147 2870 1240 2913 mel
1287 2869 1553 2925 regionibus
1600 2869 1695 2912 illis
1738 2906 1745 2914 .
1783 2903 1792 2912 .

109 2925 259 3026 {tlatus
292 2926 414 2968 calix
444 2927 572 2970 rutia
605 2926 712 2971 Cod.
743 2927 937 2984 Bamby.
1068 2934 1124 2973 27
1158 2929 1206 2972 id
1240 2930 1273 2984 (1
1304 2943 1359 2972 ex
1392 2944 1411 2972 0
1443 2929 1575 2984 corr.)
1611 2929 1683 2985 M,
1715 2928 1793 2972 hic

163 2985 322 3029 authal
