1939 3197
172 130 278 182 342
588 102 593 105 ’
639 131 938 176 EPISTULA
969 132 1023 185 11,
1058 138 1097 187 2,
1134 137 1379 178 199-208.

170 267 284 319 bus
325 268 487 320 olim.
565 270 598 333 ’ξ’
648 267 993 336 quinquatres
1041 286 1072 318 a
1119 267 1457 336 quinquatris
1507 269 1718 338 diebus,
1765 270 1855 338 qui
1934 281 1937 285 “

169 340 281 393 dies
330 342 397 394 ad
443 342 603 394 ferias
651 341 929 394 Mineruae
983 341 1255 410 pertinent
1307 346 1528 412 propter
1574 361 1660 410 ea,
1713 343 1855 411 quod

169 411 292 485 [est]
333 416 474 468 festa
514 416 825 468 solemnitas
867 416 979 467 eius
1020 416 1149 467 deae
1187 434 1285 484 per
1322 417 1424 469 hoc
1457 418 1691 485 spatium
1722 419 1854 469 tem-

166 490 312 557 poris
354 491 667 542 celebratur.
745 492 805 542 ut
843 490 1009 559 igitur
1047 489 1199 557 pueri
1237 490 1364 543 ludo
1404 491 1600 543 intenti
1635 491 1852 543 insatia-

122 572 143 604 5
167 563 347 614 biliter
395 567 621 616 utuntur
658 564 742 617 his
782 563 950 631 feriis,
997 564 1075 615 ita
1114 566 1167 614 et
1205 566 1288 631 tu,
1326 564 1524 633 inquit,
1563 566 1853 618 moriturus

167 637 359 706 exiguo
400 639 543 691 uitae
583 642 825 707 tempore
860 638 1057 706 raptim
1090 638 1459 706 uoluptatibus
1492 639 1735 707 plurimis
1767 639 1854 691 de-

165 711 378 764 fruaris.
456 714 608 765 olim
649 716 828 765 autem
867 730 1011 764 nunc
1051 730 1175 781 pro:
1219 729 1441 780 semper.
1560 712 1663 765 199
1703 731 1854 781 pau-

165 786 375 852 peries
416 787 447 838 i.
487 787 853 855 pauperies:
895 788 1120 856 egestas.
1197 804 1324 838 nam
1363 789 1651 855 paupertas
1692 787 1853 839 etiam

163 858 422 912 honestae
462 862 822 929 parsimoniae
870 879 1069 912 nomen
1110 863 1191 912 est
1231 863 1284 911 et
1322 863 1612 929 usurpatur
1650 861 1708 912 in
1746 861 1853 913 for-

99 943 141 974 10
164 935 298 985 tuna
338 935 609 988 mediocri.
722 936 826 987 201
869 953 996 986 non
1038 934 1284 1003 agimur
1323 935 1601 987 tumidis
1680 934 1853 986 adhuc

163 1008 223 1059 de
269 1009 618 1061 mediocrium
666 1010 1007 1061 fortunarum
1053 1009 1196 1061 bono
1245 1009 1496 1076 loquitur.
1587 1008 1852 1060 tumidis

162 1082 326 1133 uelis
381 1082 699 1151 Aquilone
757 1083 1030 1134 secundo
1086 1083 1141 1133 id
1204 1085 1306 1134 est:
1370 1083 1537 1134 nimia
1599 1083 1852 1134 felicitate

163 1156 326 1208 uenti.
403 1160 457 1208 et
502 1157 638 1209 bene
685 1158 742 1208 in
790 1157 1047 1225 allegoria
1093 1156 1481 1225 perseuerauit,
1528 1157 1652 1225 quia
1692 1175 1854 1225 supra

163 1246 358 1281 nauem
399 1231 620 1283 dixerat.
727 1231 835 1282 203
875 1230 1127 1282 uiribus
1168 1230 1433 1299 ingenio
1475 1231 1685 1298 specie
1724 1231 1852 1282 uir·

98 1310 140 1343 15
164 1305 302 1355 tute
357 1305 498 1357 loco
557 1308 610 1357 et
658 1308 848 1357 cetera.
931 1305 1210 1373 ingeniose
1259 1304 1563 1373 descripsit,
1610 1304 1736 1373 quid
1784 1305 1853 1356 sit

161 1376 324 1430 homo
364 1379 662 1447 mediocriS‚
702 1379 883 1431 dicens
917 1379 1237 1431 mediocrem
1262 1396 1393 1445 esse,
1433 1379 1522 1446 qui
1555 1379 1626 1431 sit
1650 1398 1680 1430 a
1713 1397 1852 1430 sum-
1924 1399 1930 1409 ·

162 1452 264 1504 mis
303 1453 495 1519 minor,
534 1454 601 1505 ab
641 1422 837 1505 infimis
877 1453 1064 1505 maior.
1179 1452 1288 1504 205
1335 1471 1461 1505 non
1502 1471 1562 1505 es
1604 1471 1853 1506 auarus

161 1543 288 1578 non
335 1545 421 1579 es·
472 1530 786 1596 [usurpatur
832 1527 890 1579 in
936 1527 1156 1579 fortuna
1202 1526 1493 1592 mediocri]
1590 1527 1722 1610 facit
1754 1544 1845 1593 per

162 1594 462 1670 ὑποφορὰν
509 1602 925 1670 respondentem
974 1619 1121 1653 more
1164 1600 1516 1669 satiricorum
1557 1601 1647 1669 qui
1687 1600 1850 1653 dicat:

95 1685 140 1717 20
165 1674 360 1727 scimus
407 1678 461 1727 te
508 1694 620 1729 non
667 1694 779 1728 esse
836 1694 1074 1727 auarum.
1166 1675 1302 1727 uade
1358 1692 1574 1727 securus
1631 1675 1694 1727 de
1748 1674 1851 1727 hoc

162 1748 296 1816 ipso
374 1750 465 1801 sed
506 1750 632 1818 quid
672 1749 892 1818 prodest
932 1768 1154 1801 auarum
1193 1751 1246 1800 te
1287 1767 1396 1800 non
1437 1767 1567 1817 esse,
1608 1748 1654 1801 si
1685 1749 1742 1800 in
1770 1766 1851 1801 ce-

162 1823 292 1874 teris
331 1822 518 1875 haeres
559 1824 705 1875 uitiis
747 1841 808 1875 ac
846 1823 1084 1875 teneris?
1163 1822 1312 1890 quid
1354 1824 1568 1874 cetera
1607 1823 1730 1874 iam
1771 1823 1852 1874 si·

162 1897 304 1948 mul.
403 1898 477 1950 sic
531 1897 993 1966 pronuntiandum
1048 1900 1150 1964 est,
1212 1899 1271 1947 ut
1332 1896 1678 1965 intellegatur
1740 1914 1851 1949 non

162 1970 366 2040 fugisse
407 1972 512 2023 alia
550 1972 698 2023 uitia.
813 1971 920 2023 206
970 1973 1146 2023 caret
1183 1970 1305 2022 tibi
1344 1989 1393 2038 p.
1432 1970 1464 2021 i.
1505 1989 1551 2022 a.
1629 1970 1850 2023 ambitio

94 2054 139 2088 25
163 2045 511 2113 popularibus
553 2046 696 2097 auris
730 2045 908 2097 dedita
941 2048 1036 2097 est.
1135 2044 1241 2096 208
1284 2044 1529 2096 somnia-
1566 2046 1850 2097 terrores

162 2119 446 2188 magicos
486 2120 797 2172 miracula
837 2137 1026 2188 sagas
1067 2123 1436 2171 nocturnos.
1497 2117 1631 2170 haec
1671 2118 1852 2170 omnia

165 2193 230 2244 ad
272 2194 709 2262 superstitionem
748 2193 1067 2245 referuntur.
1143 2193 1458 2244 miracula
1495 2208 1661 2259 sagas.
1723 2192 1851 2243 dicit

165 2284 322 2336 sagas
369 2268 617 2320 mulieres
666 2268 996 2336 magicarum
1042 2285 1219 2318 rerum
1270 2269 1323 2318 et
1362 2266 1660 2318 carminum
1699 2266 1851 2333 sciaS‚

162 2343 439 2409 tamquam
486 2342 615 2394 satis
664 2360 793 2411 agas
843 2344 895 2393 et
942 2342 1169 2393 multum
1218 2343 1455 2409 agentes.
1548 2342 1608 2391 ut
1661 2356 1849 2408 magos

285 2521 307 2558 1
342 2528 370 2558 a
408 2515 613 2571 quinque
654 2515 814 2559 diebus
858 2530 886 2570 ς
925 2515 1126 2558 scholion
1157 2515 1324 2558 codicis
1354 2514 1595 2570 Bambery.
1628 2527 1789 2558 nomen
1821 2529 1848 2557 α

168 2573 391 2629 ‘quinque
425 2574 539 2617 atris
572 2574 753 2618 diebus'
790 2579 937 2618 ortum
968 2574 1093 2628 dicit,
1126 2574 1246 2629 quod
1278 2572 1424 2617 ‘Galli
1454 2572 1612 2617 hostes
1645 2572 1849 2629 quinque

165 2631 326 2676 diebus
357 2632 554 2676 Romam
587 2634 854 2676 tenuerunt'
1018 2638 1042 2676 5
1077 2633 1124 2676 et
1153 2635 1207 2676 tu
1238 2645 1342 2676 nos.-
1373 2633 1455 2675 aut
1484 2633 1587 2675 tum
1622 2632 1684 2675 M
1823 2637 1849 2675 6

163 2690 390 2735 defi-uaris
422 2705 527 2735 nos:
558 2705 629 2735 res
661 2692 826 2736 fruans
859 2693 921 2735 M
1070 2697 1093 2734 7
1125 2692 1214 2735 sch.
1247 2692 1308 2735 ad
1338 2706 1383 2734 u.
1416 2695 1505 2736 199
1532 2695 1638 2746 post
1667 2691 1756 2734 sch.
1789 2691 1852 2734 ad

165 2765 209 2793 u.
242 2754 338 2795 203
368 2751 421 2794 in
454 2751 517 2794 M
679 2756 704 2793 9
738 2766 847 2794 usur
877 2752 1035 2807 patui-1
1064 2749 1247 2809 fortune
1281 2750 1345 2794 M
1500 2754 1553 2793 13
1586 2749 1717 2793 uenti
1747 2762 1851 2793 nos:

165 2809 432 2853 uehementl
465 2810 528 2853 Μ
647 2814 699 2852 15
731 2809 805 2852 luc
838 2811 886 2853 et
916 2811 1072 2853 cetera
1106 2809 1168 2852 M
1270 2808 1396 2865 quod
1430 2809 1493 2851 M
1598 2813 1650 2852 17
1683 2822 1849 2851 auarus

166 2882 260 2911 non
290 2870 362 2912 est
395 2869 458 2911 M
600 2874 652 2912 18
684 2867 798 2911 facit
828 2882 911 2924 per
942 2869 1107 2912 addidi
1243 2873 1296 2911 19
1328 2867 1570 2924 ypoforam
1604 2868 1666 2910 M
1699 2862 1850 2911 ἀνθυ-

165 2923 496 3030 gmssiffiodviws:
535 2928 682 3030 aaz?
671 2941 843 3041 021po
870 2928 939 3040 gf
1027 2926 1300 3029 2g4ffitjrugffi
1325 2940 1428 3028 18118
1463 2927 1490 2970 l·
1513 2926 1849 3029 {lgciioclgirnas

168 3044 231 3086 M
348 3049 401 3088 27
436 3045 683 3089 miracula:
716 3044 831 3088 inire
866 3060 892 3099 ς
1013 3058 1149 3101 sagas
1183 3044 1345 3088 addidi
1382 3103 1385 3106 ,
1464 3049 1520 3088 28
1554 3057 1676 3100 sagls
1710 3043 1773 3086 M
