1939 3197
160 114 265 165 164
831 111 1082 157 EPODON
1116 118 1182 157 12.

157 250 511 303 concumbere
552 249 766 317 debere,
814 249 939 316 quia
984 249 1132 300 illam
1180 267 1292 301 non
1338 249 1580 316 uideant,
1627 250 1848 317 propter

157 325 554 377 deformitatem
587 323 771 391 ipsius.
894 323 927 375 3
967 341 1083 375 nec
1122 323 1312 375 firmo
1352 322 1569 374 iuueni
1607 321 1710 375 hoc
1743 326 1847 375 est:

156 417 254 450 nec
308 398 488 450 ualido
551 398 641 465 qui
702 396 943 449 sufficere
1003 397 1214 449 libidini
1268 400 1391 448 tuae
1446 397 1662 465 possim.
1815 398 1848 449 3

158 491 363 541 neque
401 472 579 523 naris
631 472 860 523 obesae
907 471 1010 524 hoc
1059 474 1162 523 est:
1203 489 1376 540 neque
1418 472 1660 523 occlusae
1701 472 1848 523 naris

113 567 133 598 5
159 550 220 597 ut
257 547 460 614 possim
500 548 747 614 putorem
789 546 1027 614 corporis
1067 546 1148 597 tui
1186 545 1338 597 ferre.
1493 545 1526 597 5
1571 546 1849 614 polypus

160 639 236 672 an
270 621 490 689 grauis
524 620 806 671 hirsutis
841 620 1029 672 cubet
1059 620 1277 671 hircus
1317 619 1382 670 in
1423 619 1558 671 alis,
1620 620 1850 688 polypus

158 713 270 746 non
317 695 374 745 in
422 694 543 762 alis,
593 694 683 745 sed
731 694 788 745 in
835 695 1056 746 naribus
1108 693 1518 762 intellegendus,
1673 694 1702 745 7
1746 694 1852 762 qui

160 769 353 821 sudor
399 768 594 820 uietis
643 772 704 820 et
752 787 934 837 quam
981 769 1183 820 malus
1232 768 1514 836 undique
1554 768 1852 820 membris

162 843 397 894 crescit
437 843 605 894 odor.
670 843 798 895 ordo
833 845 936 894 est:
978 843 1135 894 uietis
1168 842 1435 894 membris.
1492 841 1637 894 uieta
1673 845 1853 894 autem
1929 835 1939 886 ἶ

97 939 140 970 10
165 918 414 968 dicuntur
439 936 501 968 ex
534 917 853 968 necessitate
888 919 1151 984 contorta,
1189 919 1250 968 ut
1291 916 1633 968 Terentius
1675 918 1852 969 osten-

160 991 238 1042 dit
262 990 518 1058 Uietus,
544 994 954 1060 ueternosus,
980 1009 1171 1043 senex
1202 991 1540 1056 [necessitate
1567 992 1853 1056 contorta}

311 1067 339 1116 7
398 1067 599 1116 malus
663 1065 943 1133 undique
999 1065 1314 1116 membris,
1413 1064 1517 1117 hoc
1571 1065 1679 1116 iam
1731 1083 1852 1133 pro-

158 1139 522 1190 nuntiandum
562 1140 649 1190 uel
682 1139 1008 1190 efferendum
1034 1157 1155 1190 cum
1181 1139 1551 1190 admiratione.
1645 1140 1676 1191 8
1718 1157 1853 1190 cum

161 1231 322 1282 pene
349 1214 562 1265 soluto
596 1213 976 1265 indomitam
1007 1216 1317 1281 properat
1348 1213 1591 1264 rabiem
1618 1212 1855 1265 sedare.
1937 1267 1939 1271 Α

93 1309 135 1341 15
162 1306 360 1356 aspere.
439 1306 560 1338 cum
600 1306 663 1338 ex
702 1288 920 1339 fastidio
961 1287 1041 1338 tui
1088 1287 1241 1355 penis
1289 1287 1525 1356 languit,
1571 1290 1632 1338 tu
1671 1289 1855 1339 tamen

162 1362 380 1430 cupiens
427 1362 639 1412 libidini.
686 1364 810 1413 tuae
860 1361 1191 1430 satisfacere,
1239 1361 1366 1413 dum
1406 1361 1655 1429 moueris,
1695 1361 1855 1413 sudas
1930 1362 1939 1419 ζ

161 1437 483 1504 delauasque
533 1439 732 1487 cretam
774 1438 828 1487 et
868 1439 1070 1487 stercus
1112 1436 1387 1504 crocodili,
1428 1435 1621 1504 quibus
1661 1435 1855 1487 faciem
1927 1425 1939 1501 ¹³

159 1511 341 1562 fucare
382 1510 668 1562 consuesti.
803 1511 866 1561 11
910 1511 1160 1578 iamque
1203 1509 1491 1562 subando
1532 1511 1713 1561 tenta
1754 1528 1855 1561 cu-

161 1585 320 1636 bilia
351 1587 651 1651 tectaque
684 1584 937 1651 rumpit.
1003 1585 1193 1635 subare
1219 1584 1433 1652 proprie
1460 1601 1580 1635 sues
1606 1583 1857 1635 dicuntur
1926 1583 1939 1625 ἔ

95 1681 139 1711 20
165 1677 284 1710 cum
324 1658 693 1709 libidinantur.
763 1658 886 1709 inde
927 1658 1035 1709 iam
1074 1659 1357 1709 translatio
1398 1658 1544 1709 facta
1582 1657 1640 1709 in
1681 1660 1858 1710 cetera

165 1733 431 1784 animalia.
517 1736 667 1783 tenta
717 1735 896 1783 autem
945 1732 1141 1783 cubilia
1188 1733 1384 1783 lectum
1441 1731 1569 1783 dicit
1622 1732 1855 1784 restibus
1923 1724 1939 1771 ⁷:

166 1808 277 1858 siue
316 1806 554 1858 fasciolis
597 1807 925 1857 subtentum.
1044 1806 1110 1857 13
1151 1807 1252 1857 uel
1292 1824 1425 1857 mea
1465 1824 1600 1857 cum
1641 1806 1855 1858 saeuis
1929 1839 1931 1842 -

166 1882 376 1950 agitat
423 1881 696 1931 fastidia
743 1880 972 1931 uerbis.
1071 1880 1158 1931 uel
1204 1880 1336 1931 illud
1389 1879 1500 1932 eius
1557 1880 1712 1947 quale
1761 1882 1856 1947 est,

166 1974 286 2006 cum
333 1973 416 2005 me
465 1955 616 2020 quasi
663 1972 757 2022 per
805 1953 1096 2005 blanditias
1146 1954 1390 2022 corripit,
1441 1953 1582 2021 quod
1638 1954 1856 2006 fastidio
1931 1995 1935 1997 >

99 2050 142 2082 25
169 2048 289 2080 cum
330 2047 393 2080 ea
433 2029 785 2080 concumbam
825 2029 1083 2096 inputans
1126 2028 1268 2096 quod
1302 2027 1668 2080 excitatiorem
1699 2046 1858 2080 uene·
1927 2031 1939 2080 -ss'

164 2122 275 2155 rem
317 2121 438 2154 cum
478 2102 700 2154 Inachia
740 2103 913 2153 amica
953 2121 1112 2170 quam
1163 2121 1282 2156 cum
1321 2103 1438 2170 ipsa
1479 2119 1652 2170 agam.
1792 2103 1858 2155 16
1927 2090 1939 2171 i}

166 2181 392 2245 pereat
454 2178 614 2228 male
678 2194 836 2245 quae
899 2179 959 2228 te
1015 2175 1268 2228 Lesbia:
1333 2194 1468 2244 quae
1524 2178 1576 2227 te
1631 2175 1859 2228 inertem
1926 2193 1938 2235 25

168 2251 496 2302 monstrauit
549 2251 682 2302 mihi
745 2251 1024 2318 quaerenti
1078 2253 1308 2302 taurum.
1408 2253 1624 2302 taurum
1680 2253 1859 2302 autem

169 2343 265 2392 pro
307 2324 487 2376 ualido
529 2342 590 2375 ac
630 2325 759 2376 forti
799 2325 1087 2376 concubitu
1129 2324 1275 2376 dixit.
1423 2325 1489 2376 18
1533 2340 1667 2375 cum
1706 2323 1859 2375 mihi

101 2421 145 2451 30
172 2397 335 2451 Cous
376 2398 632 2450 adesset
671 2398 981 2466 Amyntas
1032 2398 1135 2450 hoc
1184 2400 1287 2449 est:
1337 2415 1458 2449 cum
1497 2415 1610 2449 non
1650 2397 1859 2449 deesset
1920 2400 1928 2406 “

293 2520 343 2557 11
379 2514 589 2557 Eunuch.
623 2518 665 2568 4,
698 2518 739 2568 4,
773 2519 827 2556 21

293 2624 314 2661 1
350 2617 683 2671 concumbure,
716 2617 781 2660 bu
811 2618 864 2660 in
896 2629 1027 2669 corr„
1062 2617 1124 2659 M
1242 2622 1266 2659 2
1301 2617 1413 2660 fimo
1449 2617 1511 2660 M
1629 2622 1654 2660 3
1675 2611 1861 2674 'possim
1916 2649 1927 2677 -ς

171 2692 253 2721 ‘1208
285 2692 339 2721 ex
371 2678 505 2720 Acon:
537 2690 686 2733 poseis
723 2676 785 2718 M
812 2675 962 2731 possit
995 2690 1023 2730 ς
1144 2681 1171 2718 4
1204 2689 1338 2719 nares
1373 2676 1436 2719 M
1465 2677 1533 2720 bis
1647 2680 1672 2720 5
1706 2677 1864 2720 lemma
1914 2679 1934 2734 2„

172 2752 216 2779 m
262 2742 302 2780 1.
335 2738 389 2780 in
418 2737 625 2791 maryz‘ne
666 2736 849 2778 addidit
882 2735 945 2777 M
1068 2740 1121 2778 10
1154 2749 1209 2778 ex
1243 2737 1510 2780 senectute?
1543 2749 1598 2779 ex
1629 2736 1862 2779 uetustate
1920 2767 1921 2771 η

177 2797 332 2853 Pauly
482 2796 733 2839 terrentius
766 2796 840 2837 ost
870 2794 1022 2838 U1&os
1056 2794 1120 2836 M
1278 2799 1330 2837 13
1372 2794 1553 2838 admlra
1583 2795 1636 2837 in
1665 2798 1864 2838 extrema

175 2856 296 2898 linea
329 2856 391 2898 M
496 2860 550 2897 15
584 2854 777 2908 languet
808 2867 837 2907 ς
960 2859 1014 2897 16
1046 2853 1312 2897 11b1d1n&ue
1347 2854 1410 2896 M
1522 2858 1575 2896 17
1608 2853 1864 2897 crucodilm
1911 2899 1914 2902 ,

178 2914 238 2956 M
361 2919 412 2958 18
447 2913 590 2957 cubili
625 2913 686 2956 M
805 2917 860 2954 22
894 2926 1014 2956 senis
1050 2913 1113 2955 M
1230 2918 1285 2956 23
1318 2912 1438 2956 illud
1470 2912 1538 2956 ait
1569 2911 1705 2967 quale
1739 2927 1768 2967 ς
1938 2936 1939 2940 =

176 2978 232 3015 25
265 2974 518 3016 concubam
548 2972 611 3015 M
728 2977 784 3015 26
815 2971 1109 3027 machmnoa,
1142 2984 1170 3014 a
1200 2985 1235 3016 8.
1268 2972 1313 3025 Z„
1349 2972 1411 3014 M
1528 2976 1584 3015 29
1617 2971 1867 3016 concubito
1937 2971 1939 3022 j

179 3032 240 3074 M
270 3032 558 3075 concubino?
