1939 3197
162 107 271 158 344
390 106 689 151 EPISTULA
721 106 776 160 II,
810 110 849 159 ⁴2,
884 110 983 150 216.
1047 104 1162 148 ARS
1195 103 1457 148 POETICA
1491 107 1617 148 1—-5,

160 243 265 295 fine
299 243 474 311 operis
509 243 572 294 de
604 242 710 293 fine
743 240 985 309 disputat
1015 240 1172 292 uitae.
1234 258 1309 292 ne
1349 242 1567 307 potum
1604 239 1856 308 largius:-
1901 251 1927 259 ‘J

163 335 383 386 aequo:
438 335 506 368 ne
561 316 702 367 iusto
758 316 878 384 plus
933 315 1206 366 uiuentem
1261 316 1314 365 et
1361 313 1428 366 ob
1475 313 1578 365 hoc
1625 312 1855 364 delirum.
1915 312 1917 315 ’

163 409 345 444 36116111
391 391 626 442 iuniores
688 389 1030 441 ludificentur
1089 388 1431 457 habeantque
1494 387 1706 438 derisui.
1798 389 1858 438 et*

159 465 281 517 uide
319 467 721 533 perseueratum
760 481 876 515 esse
915 463 973 514 in
1013 462 1271 531 allegoria
1310 462 1372 512 de
1410 460 1658 513 conuiuio
1690 460 1856 512 facta.

119 556 139 588 5
163 558 289 591 nam
344 557 455 590 non
509 538 687 590 minus
743 555 897 589 senes
954 555 1115 605 quam
1165 536 1280 603 poti
1341 535 1651 604 plerumque
1715 533 1855 586 deci—

162 613 398 681 piuntur.
537 612 643 663 216
699 612 907 663 rideat
962 613 1022 662 et
1075 610 1303 678 pulset.
1394 610 1530 661 benc
1587 608 1852 660 adiectum

162 687 398 755 pulset,
461 686 515 737 id
579 685 720 754 quod
780 685 933 754 peius
997 687 1090 736 est.
1200 684 1447 735 lasciua
1515 682 1854 734 decentius

166 763 366 813 aetas:
417 779 578 829 quam
623 759 881 812 lasciuam
937 777 1051 812 esse
1099 758 1271 828 magis
1327 758 1532 825 deceat,
1585 774 1744 825 quam
1798 758 1854 807 te

169 835 261 904 qui
301 853 356 887 es
396 837 638 886 maturus
679 852 854 886 senex.

99 1202 142 1233 10
435 1161 767 1220 CARMEN
814 1161 918 1219 DE
966 1160 1179 1218 ARTE
1226 1157 1581 1217 POETICA.

315 1293 605 1346 Humano
670 1293 869 1361 capiti
932 1291 1245 1343 ceruicem
1298 1291 1512 1358 pictor
1564 1288 1859 1358 equinam

166 1369 435 1437 iungere
489 1368 544 1420 si
597 1367 712 1419 uel.
788 1367 932 1418 hunc
986 1365 1204 1433 librum,
1261 1365 1351 1433 qui
1397 1364 1709 1416 inscribitur
1755 1361 1858 1415 DE

166 1441 362 1494 ARTE
409 1439 750 1509 POETICA,
806 1440 872 1492 ad
924 1439 1149 1492 Lucium
1194 1437 1469 1507 Pisonem,
1524 1438 1616 1506 qui
1668 1440 1858 1506 postea

166 1516 314 1568 urbis
364 1518 544 1568 custos
591 1515 717 1583 fuit,
766 1515 982 1583 eiusque
1029 1514 1227 1566 liberos
1274 1512 1445 1580 misit3
1483 1531 1610 1563 nam
1651 1515 1705 1563 et
1741 1511 1860 1580 ipse

103 1616 145 1649 15
169 1589 295 1642 Piso
341 1592 503 1658 poeta
549 1589 653 1641 fuit
700 1592 753 1641 et
801 1589 1098 1641 studiorum
1145 1587 1446 1639 liberalium
1486 1586 1725 1638 antistes.
1801 1585 1859 1637 in

170 1681 327 1733 quem
366 1664 562 1716 librum
603 1663 875 1733 congessit
911 1664 1198 1731 praecepta
1236 1659 1579 1730 Neoptolemi
1616 1660 1718 1711 τοῦ
1742 1662 1858 1711 Πα-

171 1738 372 1807 ριανοῦ
420 1738 484 1789 de
532 1740 644 1789 arte
691 1738 902 1805 poetica
948 1754 1061 1789 non
1109 1735 1322 1803 quidem
1370 1735 1552 1787 omnia
1599 1734 1692 1786 sed
1731 1733 1859 1785 emi-

168 1812 501 1864 nentissima.
577 1812 813 1878 primum
851 1812 1197 1878 praeceptum
1237 1811 1320 1860 est
1349 1806 1473 1877 περὶ
1509 1809 1607 1875 τῆς
1630 1802 1860 1859 ἀκολου-

169 1887 315 1948 θίας.
399 1904 526 1937 nam
574 1889 630 1938 ut
676 1885 850 1953 pictor
897 1884 940 1936 si
987 1884 1226 1935 humano
1275 1882 1437 1950 capiti
1484 1881 1606 1950 equi
1657 1881 1862 1933 dederit

103 1982 146 2014 20
171 1960 429 2012 ceruicem
471 1977 695 2027 eamque
734 1959 967 2011 uoluerit
999 1957 1246 2010 decorare
1271 1956 1452 2025 pinnis
1477 1959 1530 2007 et
1552 1955 1861 2007 inferiorem

169 2037 379 2102 partem
418 2034 779 2086 membrorum
819 2032 1113 2100 exprimere
1137 2031 1299 2100 piscis
1324 2030 1502 2099 effigie
1528 2029 1858 2098 superiorem

170 2126 298 2160 uero
346 2107 584 2159 mulieris
633 2125 888 2160 exornare
937 2106 1134 2175 specie,
1180 2105 1336 2157 ualde
1384 2104 1667 2172 ridebitur,
1715 2102 1858 2172 quod

172 2185 360 2234 contra
405 2184 656 2233 naturam
705 2181 886 2234 omnia
930 2180 1116 2232 faciat:
1168 2179 1242 2230 ita
1279 2178 1508 2247 poetice,
1555 2177 1601 2229 si
1641 2179 1863 2229 ornatus

173 2274 335 2308 causa
380 2256 524 2324 plus,
580 2274 739 2323 quam
788 2255 954 2324 exigit
1000 2253 1244 2321 materia,
1300 2252 1501 2320 aliquid
1551 2251 1862 2303 institutum

105 2350 148 2383 25
173 2334 258 2393 est,
297 2332 532 2381 meretur
571 2329 892 2397 contempni.
1008 2327 1042 2380 5
1092 2328 1291 2379 risum
1336 2325 1622 2378 teneatis
1663 2324 1863 2376 amici.

174 2403 540 2473 percontantis
581 2406 664 2455 est
701 2403 831 2454 haec
871 2421 977 2455 uox
1017 2404 1071 2454 et
1093 2400 1469 2470 praecipientis
1493 2399 1677 2467 utique
1701 2398 1862 2449 rideri

293 2554 318 2592 3
353 2563 485 2592 senes
525 2562 688 2592 aumos
730 2548 1060 2592 elud1flcentur
1094 2546 1156 2589 M
1332 2551 1359 2589 4
1390 2545 1563 2589 factam
1597 2544 1658 2587 M
1836 2547 1862 2586 9

172 2611 225 2652 in
277 2609 367 2663 fine
419 2607 472 2662 (f.
529 2611 608 2661 50)
662 2609 828 2651 codicis
885 2608 946 2650 M
1003 2607 1176 2661 scripta
1227 2609 1337 2648 swnt
1388 2605 1522 2648 haec:
1575 2601 1861 2646 POmPoNI.

173 2667 297 2711 POR
339 2668 345 2722 Ι
388 2665 853 2710 PhYRIONISEOm
898 2668 903 2718 Ι
945 2664 1303 2709 MENTARIUS
1344 2659 1674 2707 INHORATIo
1712 2661 1718 2719 Ι
1761 2659 1862 2703 EX-

173 2722 373 2771 PLICIT
404 2720 730 2769 FELICITER
761 2725 965 2769 UTERE
994 2727 1000 2780 Ι
1027 2721 1223 2768 FELIX·
1254 2737 1418 2767 manus
1450 2723 1667 2778 antiqua.-
1728 2734 1864 2763 omuA

174 2800 382 2829 PROBATE.
418 2785 544 2841 quod
574 2785 747 2828 bonum
781 2790 804 2828 6
836 2786 993 2828 tenete
1110 2788 1164 2828 10
1195 2783 1228 2836 f.
1262 2787 1329 2827 22
1355 2785 1461 2837 post
1490 2779 1863 2834 subscriptionem

175 2845 331 2900 quarti
370 2845 479 2888 libri
520 2844 725 2888 Odarwm
767 2845 848 2887 M:
887 2842 1114 2886 INCIPIT
1156 2840 1426 2885 EIUSDEM
1466 2837 1736 2884 CARMEN-
1780 2836 1862 2880 DE

175 2903 352 2946 ARTE·
383 2901 660 2947 POETICA·
800 2908 849 2946 11
887 2904 1039 2958 capite
1072 2903 1135 2946 M
1272 2900 1442 2957 pictor:
1477 2913 1515 2942 s1
1547 2913 1651 2954 quis
1685 2896 1748 2939 M

177 2966 231 3004 13
264 2960 438 3005 lucidrh
459 2963 522 3005 Μ
679 2967 734 3005 14
764 2962 910 3005 hbros
944 2962 1006 3005 M
1164 2964 1217 3004 18
1252 2960 1558 3016 αΚοΛογΦιὰε
1589 2956 1652 3000 M
1806 2959 1865 2998 20

177 3033 373 3076 eumque
408 3055 417 3064 .
451 3055 460 3064 .
495 3021 704 3065 decorari
738 3021 801 3064 M
918 3025 973 3063 23
1006 3020 1065 3063 si:
1100 3036 1120 3063 3
1155 3019 1217 3062 Μ
1334 3023 1391 3062 26
1422 3017 1593 3061 rideori
1626 3015 1689 3058 M
