1939 3197
165 84 267 136 158
769 83 1023 128 EPODON
1056 89 1081 128 8
1115 85 1163 128 et
1196 90 1235 128 9.

166 223 290 290 gere
329 239 441 273 non
479 220 669 289 possis,
767 220 826 271 in
872 220 1060 272 funere
1101 222 1280 272 autem
1319 219 1642 272 nobilissimi
1683 221 1856 273 cuius-

167 313 267 363 que
316 295 563 347 solebant
608 293 868 362 praeferri
915 294 1179 363 imagines
1219 294 1484 347 maiorum
1525 294 1661 363 61116,
1712 296 1855 364 quod

165 369 339 421 adhuc
388 368 663 421 obseruari
708 368 940 420 uidimus
987 368 1046 420 in
1090 368 1370 421 funeribus
1417 364 1737 437 principum.

170 442 237 495 15
278 443 426 511 quid
467 442 633 510 quod
671 442 885 494 libelli
918 440 1122 494 Stoici
1153 443 1325 494 inter
1359 441 1612 495 Sericos
1645 444 1856 496 iacere

121 528 142 561 5
165 517 480 585 puluillos
521 519 747 568 amant.
812 517 1080 586 significat
1118 517 1267 568 illam
1305 517 1576 569 uindicare
1617 518 1720 569 sibi
1749 520 1858 570 stu-

166 590 311 642 dium
349 590 723 659 philosophiae
764 593 818 642 et
858 591 926 643 ob
966 591 1020 642 id
1061 609 1182 643 cum
1221 591 1358 643 libro
1399 591 1710 660 frequenter
1742 609 1857 644 esse
1926 594 1939 652 '2;

1931 590 1939 605 ι
1918 282 1939 583 .·ι,..ι«.·ι.”.,1.ζέ.θ.ικ.ι·-.Ξεῷ
1919 268 1930 274 '⁴
1920 233 1923 235 '

165 664 233 716 ad
271 664 560 734 tegendam
601 665 804 717 scilicet
841 665 1079 717 libidinis
1114 665 1394 718 uilitatem.
1499 666 1564 717 17
1605 665 1858 718 inlitte-

163 739 290 790 rati
329 757 454 791 non
494 739 702 792 minus
745 741 892 806 [non
932 740 1164 806 minus]
1205 740 1388 791 nerui
1426 739 1659 809 rigent.
1731 740 1859 808 quid

163 813 397 882 prodest,
437 814 628 882 inquit,
669 816 940 866 ostentare
980 816 1033 865 te
1068 814 1365 865 litteratam
1399 832 1530 883 6666,
1570 832 1690 866 cum
1721 814 1859 866 nihil

101 899 143 931 10
165 890 219 939 te
259 887 362 939 hoc
403 888 654 939 adiuuare
694 888 866 956 possit
907 888 974 939 ad
1007 887 1322 957 erigendum
1355 888 1488 940 mihi
1518 906 1728 957 penem,
1768 888 1859 956 qui
1926 899 1939 959 :ij

165 961 374 1013 litteras
414 963 586 1014 nescit
624 981 722 1014 nec
763 981 948 1014 earum
988 962 1225 1014 studium
1264 962 1442 1015 habet.
1521 981 1718 1014 neruos
1757 981 1856 1031 pro

165 1036 308 1087 uirili
354 1036 594 1088 membro
645 1037 790 1088 dixit.
892 1039 945 1088 et
992 1039 1072 1088 est
1120 1036 1250 1088 ordo
1294 1036 1423 1089 ‘non
1461 1037 1640 1088 minus
1679 1037 1860 1105 rigent

163 1108 358 1177 nerui’3
401 1113 453 1161 et
494 1110 710 1180 ‘rigent'
751 1129 848 1179 pro
891 1110 1094 1180 efrigidi
1135 1109 1278 1162 sunt’
1322 1111 1501 1178 accipe
1528 1128 1589 1162 ac
1612 1128 1708 1180 per
1731 1111 1859 1163 hoc:
1935 1109 1937 1115 ⁴

165 1183 298 1235 lenti
323 1186 376 1235 et
399 1188 715 1237 marcentes.
798 1185 863 1237 18
898 1185 1187 1236 minusue
1220 1185 1490 1254 languet
1524 1184 1859 1237 fascinum.
1922 1191 1928 1194 ”

102 1268 145 1301 15
169 1275 334 1326 aeque
359 1277 456 1326 pro
483 1259 627 1311 uirili
650 1261 804 1328 parte
829 1258 1025 1327 posuit,
1066 1258 1321 1326 quoniam
1360 1277 1488 1328 prae
1527 1259 1859 1311 fascinandis

164 1332 323 1384 rebus
362 1333 496 1385 haec
536 1333 762 1385 membri
803 1332 1117 1385 deformitas
1159 1333 1359 1402 adponi
1400 1333 1551 1386 solet.

698 1464 950 1509 EPODON
983 1464 1238 1508 CARMEN
1272 1470 1310 1509 9.

315 1554 579 1617 Quando
650 1557 1006 1624 repositum
1077 1554 1437 1608 Caecubum
1510 1556 1586 1608 ad
1655 1555 1858 1608 festas
1929 1547 1931 1550 ’

169 1629 383 1698 dapes:
426 1629 493 1681 ad
518 1630 627 1682 hoc
659 1631 971 1699 repositum,
1010 1634 1071 1682 ut
1101 1648 1214 1682 non
1246 1629 1351 1681 nisi
1384 1630 1450 1681 ad
1482 1629 1648 1682 festas
1675 1631 1859 1698 epulas
1914 1624 1921 1676 ᾖ

101 1719 143 1754 20
166 1704 508 1772 proferretur.
613 1705 646 1755 2
686 1705 934 1757 uictore
975 1705 1185 1756 laetus
1228 1702 1515 1756 Caesare.
1577 1706 1639 1756 ut
1678 1722 1741 1756 ex
1779 1705 1858 1756 in-

165 1778 450 1830 ferioribus
503 1779 807 1847 apparebit,
855 1797 973 1830 eam
1013 1778 1298 1831 uictoriam
1338 1777 1582 1830 Caesaris
1623 1777 1861 1848 Augusti

168 1852 451 1921 significat,
492 1871 653 1921 quam
694 1852 756 1903 de
796 1852 1035 1904 Antonio
1077 1855 1131 1905 et
1170 1851 1457 1920 Cleopatra
1505 1852 1860 1921 quaesiuerat.
1910 1887 1914 1890 -

316 1926 348 1978 3
404 1929 612 1978 tecum
668 1927 780 1979 sub
838 1928 971 1978 alta
1032 1927 1121 1979 sic
1175 1926 1317 1979 Ioui
1372 1930 1625 1996 gratum
1678 1926 1858 1980 domo

166 1998 353 2052 beate
394 1999 731 2053 Maecenas
778 2001 1016 2053 bibam:
1057 2004 1118 2053 ut
1156 2019 1255 2054 nos
1297 2001 1364 2053 ob
1405 2001 1689 2053 uictoriam
1730 1999 1859 2053 Cae·
1899 2066 1902 2068 ‚

101 2090 144 2123 25
169 2075 303 2126 saris
341 2075 472 2126 laeti
511 2076 802 2145 epulemur,
842 2076 1038 2144 quippe
1079 2093 1201 2127 cum
1238 2075 1353 2143 ipse
1393 2075 1630 2142 Iuppiter
1674 2077 1861 2128 auctor

169 2148 238 2200 sit
277 2148 389 2200 eius
429 2149 700 2201 uictoriae.
816 2150 850 2202 5
891 2152 1163 2202 sonante
1203 2150 1465 2201 mixtum
1506 2149 1689 2201 tibiis
1724 2168 1859 2202 car-

167 2239 307 2274 men
343 2223 484 2291 lyra
521 2223 639 2275 hac
677 2223 940 2276 Dorium
979 2224 1114 2276 illis
1154 2223 1513 2276 barbarum.
1605 2223 1859 2276 nimirum

170 2293 334 2347 ‘tibiis
380 2296 705 2349 barbarum'.
800 2298 1029 2350 diximus
1078 2300 1258 2350 autem
1301 2301 1354 2350 et
1393 2316 1556 2367 supra
1593 2300 1702 2350 tres
1744 2316 1858 2350 6666

169 2370 370 2438 species
411 2371 554 2438 apud
594 2369 824 2424 Graecos
867 2373 1106 2424 omnium
1146 2372 1442 2439 modorum,
1481 2371 1725 2424 Ionicum
1753 2370 1857 2439 Ly-

100 2459 146 2492 30
168 2443 316 2495 dium
361 2444 665 2497 barbarum.
820 2447 849 2497 7
898 2449 967 2497 ut
1015 2463 1217 2513 nuper
1269 2448 1447 2497 actus
1500 2464 1633 2497 cum
1686 2445 1858 2498 freto
1915 2468 1917 2472 ¹

166 2515 529 2586 Neptunius
578 2519 697 2570 dux
743 2519 915 2588 fugit
960 2520 1123 2571 ustis
1171 2519 1460 2572 nauibus
1550 2522 1619 2571 ut
1657 2537 1860 2588 nuper

286 2654 341 2693 28
375 2649 435 2692 ad
469 2649 519 2695 O.
553 2655 593 2705 4,
631 2654 697 2706 15,
731 2655 787 2694 30

287 2773 312 2811 3
345 2768 558 2811 uidemus
592 2783 620 2823 ς
764 2774 789 2813 5
822 2769 1039 2826 pulumos
1074 2770 1136 2812 M
1281 2775 1304 2814 7
1338 2769 1593 2813 utilitatem
1628 2769 1691 2813 M
1830 2775 1855 2814 9
1906 2742 1921 2790 Γ.

167 2825 375 2870 litteram
409 2828 472 2870 M
570 2833 624 2871 10
655 2828 803 2884 poss&
837 2829 900 2871 M
1001 2833 1054 2873 15
1087 2842 1199 2885 prae
1230 2828 1511 2873 fascinandis
1543 2841 1624 2872 ‘nos
1654 2828 1865 2885 praefas-¹
1938 2820 1939 2826 ¹

169 2884 377 2930 cinandis
411 2887 474 2929 M
502 2902 530 2942 ς
655 2892 707 2931 19
741 2889 905 2944 dapes:
939 2888 1048 2932 dare
1083 2889 1145 2931 M
1249 2893 1302 2932 21
1345 2888 1594 2945 appar-abit
1627 2887 1690 2930 M
1801 2892 1856 2931 23
1903 2905 1920 2945 ,ς

168 2942 357 2988 domum
391 2979 399 2988 .
435 2980 444 2988 .
477 2959 692 2991 mecenas
726 2947 789 2990 M
889 2951 943 2990 25
976 2947 1186 3004 Iuppiter
1219 2948 1383 2992 addidi
1473 2952 1528 2991 27
1563 2960 1616 2990 ac
1649 2946 1712 2989 M
1801 2951 1856 2991 28

167 3001 310 3057 tybiis
340 3004 525 3050 barbar.
555 3006 617 3048 M
745 3011 800 3050 29
834 3006 1077 3050 modorum
1108 3020 1212 3051 snos:
1245 3021 1400 3051 rerum
1433 3007 1507 3061 M,
1539 3005 1796 3056 carminum
1828 3020 1858 3062 ς

1890 3027 1896 3031 -
1904 3002 1920 3038 15

1901 3041 1919 3077 [Α.

1884 3073 1920 3197 3
