<?xml version="1.0" encoding="UTF-8"?>
<!DOCTYPE html PUBLIC "-//W3C//DTD XHTML 1.0 Transitional//EN"
    "http://www.w3.org/TR/xhtml1/DTD/xhtml1-transitional.dtd">
<html xmlns="http://www.w3.org/1999/xhtml" xml:lang="en" lang="en">
 <head>
  <title>
</title>
<meta http-equiv="Content-Type" content="text/html;charset=utf-8" />
  <meta name='ocr-system' content='tesseract 3.04.00' />
  <meta name='ocr-capabilities' content='ocr_page ocr_carea ocr_par ocr_line ocrx_word'/>
</head>
<body>
  <div class='ocr_page' id='page_1' title='image "./pomponiiporphyri00pomp_0035.png"; bbox 0 0 1939 3197; ppageno 0'>
   <div class='ocr_carea' id='block_1_1' title="bbox 737 142 1799 198">
    <p class='ocr_par' dir='ltr' id='par_1_1' title="bbox 737 142 1799 198">
     <span class='ocr_line' id='line_1_1' title="bbox 737 142 1799 198; baseline -0.002 -10"><span class='ocrx_word' id='word_1_1' title='bbox 737 143 855 188; x_wconf 87' lang='lat' dir='ltr'>ODE</span> <span class='ocrx_word' id='word_1_2' title='bbox 889 144 922 198; x_wconf 85' lang='lat' dir='ltr'>I,</span> <span class='ocrx_word' id='word_1_3' title='bbox 959 147 1012 187; x_wconf 86' lang='grc'>15</span> <span class='ocrx_word' id='word_1_4' title='bbox 1045 144 1093 187; x_wconf 90' lang='lat' dir='ltr'>et</span> <span class='ocrx_word' id='word_1_5' title='bbox 1125 148 1194 187; x_wconf 89' lang='lat'>16.</span> <span class='ocrx_word' id='word_1_6' title='bbox 1730 142 1799 193; x_wconf 81' lang='grc'>21</span> 
     </span>
    </p>
   </div>
   <div class='ocr_carea' id='block_1_2' title="bbox 118 276 1801 407">
    <p class='ocr_par' dir='ltr' id='par_1_2' title="bbox 118 276 1801 407">
     <span class='ocr_line' id='line_1_2' title="bbox 118 276 1801 334; baseline -0.002 0"><span class='ocrx_word' id='word_1_7' title='bbox 118 281 190 334; x_wconf 84' lang='lat'>34</span> <span class='ocrx_word' id='word_1_8' title='bbox 238 280 468 333; x_wconf 90' lang='lat' dir='ltr'>classis</span> <span class='ocrx_word' id='word_1_9' title='bbox 515 278 813 330; x_wconf 89' lang='lat' dir='ltr'>Achillei.</span> <span class='ocrx_word' id='word_1_10' title='bbox 899 276 1173 331; x_wconf 67' lang='lat' dir='ltr'>‘Achillei&#39;</span> <span class='ocrx_word' id='word_1_11' title='bbox 1224 280 1276 329; x_wconf 87' lang='lat' dir='ltr'>et</span> <span class='ocrx_word' id='word_1_12' title='bbox 1316 276 1544 330; x_wconf 70' lang='lat' dir='ltr'>‘Ulixei&#39;</span> <span class='ocrx_word' id='word_1_13' title='bbox 1592 281 1801 330; x_wconf 89' lang='lat' dir='ltr'>ueteres</span> 
     </span>
     <span class='ocr_line' id='line_1_3' title="bbox 118 350 1742 407; baseline -0.003 0"><span class='ocrx_word' id='word_1_14' title='bbox 118 355 366 407; x_wconf 86' lang='lat' dir='ltr'>dixerunt</span> <span class='ocrx_word' id='word_1_15' title='bbox 405 352 472 405; x_wconf 90' lang='lat' dir='ltr'>ad</span> <span class='ocrx_word' id='word_1_16' title='bbox 512 352 916 404; x_wconf 89' lang='lat' dir='ltr'>similitudinem</span> <span class='ocrx_word' id='word_1_17' title='bbox 954 352 1200 405; x_wconf 74' lang='lat' dir='ltr'><strong>fortassis</strong></span> <span class='ocrx_word' id='word_1_18' title='bbox 1242 350 1399 403; x_wconf 73' lang='lat' dir='ltr'>‘diei&#39;</span> <span class='ocrx_word' id='word_1_19' title='bbox 1441 355 1493 403; x_wconf 90' lang='lat' dir='ltr'>et</span> <span class='ocrx_word' id='word_1_20' title='bbox 1533 350 1742 403; x_wconf 56' lang='lat' dir='ltr'>‘faciest</span> 
     </span>
    </p>
   </div>
   <div class='ocr_carea' id='block_1_3' title="bbox 812 512 1109 567">
    <p class='ocr_par' dir='ltr' id='par_1_3' title="bbox 812 512 1109 567">
     <span class='ocr_line' id='line_1_4' title="bbox 812 512 1109 567; baseline 0 -11"><span class='ocrx_word' id='word_1_21' title='bbox 812 512 931 556; x_wconf 84' lang='lat' dir='ltr'>ODE</span> <span class='ocrx_word' id='word_1_22' title='bbox 968 517 1006 567; x_wconf 88' lang='lat'>1,</span> <span class='ocrx_word' id='word_1_23' title='bbox 1043 517 1109 556; x_wconf 85' lang='lat'>16.</span> 
     </span>
    </p>
   </div>
   <div class='ocr_carea' id='block_1_4' title="bbox 113 603 1876 2592">
    <p class='ocr_par' dir='ltr' id='par_1_4' title="bbox 113 603 1875 2075">
     <span class='ocr_line' id='line_1_5' title="bbox 267 603 1805 672; baseline -0.002 -16"><span class='ocrx_word' id='word_1_24' title='bbox 267 603 310 656; x_wconf 90' lang='lat' dir='ltr'>O</span> <span class='ocrx_word' id='word_1_25' title='bbox 350 607 550 656; x_wconf 89' lang='lat' dir='ltr'>matre</span> <span class='ocrx_word' id='word_1_26' title='bbox 590 605 812 672; x_wconf 89' lang='lat' dir='ltr'>pulcra</span> <span class='ocrx_word' id='word_1_27' title='bbox 858 603 1003 655; x_wconf 85' lang='lat' dir='ltr'>filia</span> <span class='ocrx_word' id='word_1_28' title='bbox 1048 603 1349 671; x_wconf 80' lang='lat' dir='ltr'>pulcrior.</span> <span class='ocrx_word' id='word_1_29' title='bbox 1425 603 1526 655; x_wconf 87' lang='lat' dir='ltr'>hac</span> <span class='ocrx_word' id='word_1_30' title='bbox 1568 603 1665 655; x_wconf 91' lang='lat' dir='ltr'>ode</span> <span class='ocrx_word' id='word_1_31' title='bbox 1704 621 1805 654; x_wconf 87' lang='grc' dir='ltr'>πα-</span> 
     </span>
     <span class='ocr_line' id='line_1_6' title="bbox 115 676 1847 749; baseline -0.001 -20"><span class='ocrx_word' id='word_1_32' title='bbox 115 679 385 749; x_wconf 80' lang='grc' dir='ltr'><em>λινῳδίαν</em></span> <span class='ocrx_word' id='word_1_33' title='bbox 431 678 758 745; x_wconf 71' lang='lat' dir='ltr'>repromittit</span> <span class='ocrx_word' id='word_1_34' title='bbox 805 678 867 745; x_wconf 89' lang='lat' dir='ltr'>ei,</span> <span class='ocrx_word' id='word_1_35' title='bbox 913 677 972 728; x_wconf 89' lang='lat' dir='ltr'>in</span> <span class='ocrx_word' id='word_1_36' title='bbox 1020 695 1180 745; x_wconf 91' lang='lat' dir='ltr'>quam</span> <span class='ocrx_word' id='word_1_37' title='bbox 1229 676 1550 744; x_wconf 88' lang='lat' dir='ltr'>probrosum</span> <span class='ocrx_word' id='word_1_38' title='bbox 1590 694 1804 728; x_wconf 88' lang='lat' dir='ltr'>carmen</span> <span class='ocrx_word' id='word_1_39' title='bbox 1826 687 1847 719; x_wconf 87' lang='lat'>5</span> 
     </span>
     <span class='ocr_line' id='line_1_7' title="bbox 117 750 1803 820; baseline -0.001 -17"><span class='ocrx_word' id='word_1_40' title='bbox 117 752 419 820; x_wconf 80' lang='lat' dir='ltr'>scripserat,</span> <span class='ocrx_word' id='word_1_41' title='bbox 459 751 796 820; x_wconf 79' lang='lat' dir='ltr'>Tyndaridae</span> <span class='ocrx_word' id='word_1_42' title='bbox 837 750 1047 803; x_wconf 89' lang='lat' dir='ltr'>cuidam</span> <span class='ocrx_word' id='word_1_43' title='bbox 1087 751 1288 802; x_wconf 80' lang='lat' dir='ltr'>amicae</span> <span class='ocrx_word' id='word_1_44' title='bbox 1330 768 1471 818; x_wconf 92' lang='lat' dir='ltr'>suae,</span> <span class='ocrx_word' id='word_1_45' title='bbox 1517 750 1573 801; x_wconf 93' lang='lat' dir='ltr'>id</span> <span class='ocrx_word' id='word_1_46' title='bbox 1613 754 1694 802; x_wconf 93' lang='lat' dir='ltr'>est</span> <span class='ocrx_word' id='word_1_47' title='bbox 1724 768 1803 802; x_wconf 88' lang='lat' dir='ltr'>re-</span> 
     </span>
     <span class='ocr_line' id='line_1_8' title="bbox 116 823 1806 893; baseline -0.001 -15"><span class='ocrx_word' id='word_1_48' title='bbox 116 829 457 878; x_wconf 87' lang='lat' dir='ltr'>cantaturum</span> <span class='ocrx_word' id='word_1_49' title='bbox 512 844 574 877; x_wconf 91' lang='lat' dir='ltr'>ea</span> <span class='ocrx_word' id='word_1_50' title='bbox 629 843 764 893; x_wconf 92' lang='lat' dir='ltr'>quae</span> <span class='ocrx_word' id='word_1_51' title='bbox 820 825 1054 892; x_wconf 87' lang='lat' dir='ltr'>dixerat,</span> <span class='ocrx_word' id='word_1_52' title='bbox 1118 824 1349 892; x_wconf 85' lang='lat' dir='ltr'>dicitque</span> <span class='ocrx_word' id='word_1_53' title='bbox 1413 841 1468 876; x_wconf 90' lang='lat' dir='ltr'>se</span> <span class='ocrx_word' id='word_1_54' title='bbox 1528 823 1806 876; x_wconf 86' lang='lat' dir='ltr'>iracundia</span> 
     </span>
     <span class='ocr_line' id='line_1_9' title="bbox 115 898 1803 967; baseline -0.001 -16"><span class='ocrx_word' id='word_1_55' title='bbox 115 902 323 952; x_wconf 89' lang='lat' dir='ltr'>motum</span> <span class='ocrx_word' id='word_1_56' title='bbox 376 899 508 951; x_wconf 89' lang='lat' dir='ltr'>haec</span> <span class='ocrx_word' id='word_1_57' title='bbox 564 899 865 966; x_wconf 85' lang='lat' dir='ltr'>scripsisse3</span> <span class='ocrx_word' id='word_1_58' title='bbox 929 898 1177 950; x_wconf 87' lang='lat' dir='ltr'>adfirmat</span> <span class='ocrx_word' id='word_1_59' title='bbox 1230 902 1411 949; x_wconf 88' lang='lat' dir='ltr'>autem</span> <span class='ocrx_word' id='word_1_60' title='bbox 1464 916 1577 950; x_wconf 93' lang='lat' dir='ltr'>non</span> <span class='ocrx_word' id='word_1_61' title='bbox 1630 898 1803 967; x_wconf 89' lang='lat' dir='ltr'>magis</span> 
     </span>
     <span class='ocr_line' id='line_1_10' title="bbox 114 971 1805 1042; baseline -0.002 -17"><span class='ocrx_word' id='word_1_62' title='bbox 114 972 305 1025; x_wconf 90' lang='lat' dir='ltr'>Matris</span> <span class='ocrx_word' id='word_1_63' title='bbox 336 972 568 1042; x_wconf 79' lang='lat' dir='ltr'>Magnae</span> <span class='ocrx_word' id='word_1_64' title='bbox 601 975 696 1024; x_wconf 91' lang='lat' dir='ltr'>aut</span> <span class='ocrx_word' id='word_1_65' title='bbox 725 971 996 1041; x_wconf 88' lang='lat' dir='ltr'>Apollinis</span> <span class='ocrx_word' id='word_1_66' title='bbox 1028 972 1248 1024; x_wconf 90' lang='lat' dir='ltr'>numine</span> <span class='ocrx_word' id='word_1_67' title='bbox 1287 972 1575 1024; x_wconf 89' lang='lat' dir='ltr'>instinctos</span> <span class='ocrx_word' id='word_1_68' title='bbox 1614 972 1805 1039; x_wconf 83' lang='lat' dir='ltr'>furere,</span> 
     </span>
     <span class='ocr_line' id='line_1_11' title="bbox 117 1046 1873 1116; baseline -0.002 -17"><span class='ocrx_word' id='word_1_69' title='bbox 117 1066 278 1116; x_wconf 89' lang='lat' dir='ltr'>quam</span> <span class='ocrx_word' id='word_1_70' title='bbox 330 1065 419 1099; x_wconf 90' lang='lat' dir='ltr'>eos</span> <span class='ocrx_word' id='word_1_71' title='bbox 471 1047 563 1114; x_wconf 92' lang='lat' dir='ltr'>qui</span> <span class='ocrx_word' id='word_1_72' title='bbox 611 1046 889 1098; x_wconf 89' lang='lat' dir='ltr'>iracundia</span> <span class='ocrx_word' id='word_1_73' title='bbox 941 1046 1049 1098; x_wconf 88' lang='lat' dir='ltr'>sint</span> <span class='ocrx_word' id='word_1_74' title='bbox 1097 1046 1330 1113; x_wconf 87' lang='lat' dir='ltr'>incitati,</span> <span class='ocrx_word' id='word_1_75' title='bbox 1386 1046 1517 1098; x_wconf 91' lang='lat' dir='ltr'>adeo</span> <span class='ocrx_word' id='word_1_76' title='bbox 1558 1048 1619 1097; x_wconf 91' lang='lat' dir='ltr'>ut</span> <span class='ocrx_word' id='word_1_77' title='bbox 1656 1046 1806 1097; x_wconf 86' lang='lat' dir='ltr'>nulla</span> <span class='ocrx_word' id='word_1_78' title='bbox 1831 1058 1873 1089; x_wconf 89' lang='lat'>10</span> 
     </span>
     <span class='ocr_line' id='line_1_12' title="bbox 116 1118 1806 1188; baseline -0.001 -16"><span class='ocrx_word' id='word_1_79' title='bbox 116 1121 172 1172; x_wconf 88' lang='lat' dir='ltr'>ui</span> <span class='ocrx_word' id='word_1_80' title='bbox 209 1121 297 1173; x_wconf 86' lang='lat' dir='ltr'>hic</span> <span class='ocrx_word' id='word_1_81' title='bbox 343 1120 495 1173; x_wconf 85' lang='lat' dir='ltr'>furor</span> <span class='ocrx_word' id='word_1_82' title='bbox 551 1120 804 1172; x_wconf 88' lang='lat' dir='ltr'>deterreri</span> <span class='ocrx_word' id='word_1_83' title='bbox 856 1121 1044 1188; x_wconf 84' lang='lat' dir='ltr'>possit.</span> <span class='ocrx_word' id='word_1_84' title='bbox 1195 1120 1228 1171; x_wconf 85' lang='lat'>9</span> <span class='ocrx_word' id='word_1_85' title='bbox 1284 1118 1561 1172; x_wconf 88' lang='lat' dir='ltr'>Noricus</span> <span class='ocrx_word' id='word_1_86' title='bbox 1618 1120 1806 1172; x_wconf 77' lang='lat' dir='ltr'>ensis,</span> 
     </span>
     <span class='ocr_line' id='line_1_13' title="bbox 119 1192 1807 1263; baseline -0.002 -16"><span class='ocrx_word' id='word_1_87' title='bbox 119 1195 349 1263; x_wconf 87' lang='lat' dir='ltr'>speciem</span> <span class='ocrx_word' id='word_1_88' title='bbox 386 1212 485 1262; x_wconf 91' lang='lat' dir='ltr'>pro</span> <span class='ocrx_word' id='word_1_89' title='bbox 526 1211 720 1263; x_wconf 84' lang='lat' dir='ltr'>genere</span> <span class='ocrx_word' id='word_1_90' title='bbox 758 1195 956 1262; x_wconf 90' lang='lat' dir='ltr'>posuit.</span> <span class='ocrx_word' id='word_1_91' title='bbox 1032 1212 1144 1246; x_wconf 91' lang='lat' dir='ltr'>non</span> <span class='ocrx_word' id='word_1_92' title='bbox 1184 1194 1328 1245; x_wconf 88' lang='lat' dir='ltr'>enim</span> <span class='ocrx_word' id='word_1_93' title='bbox 1365 1194 1425 1245; x_wconf 74' lang='lat' dir='ltr'>in</span> <span class='ocrx_word' id='word_1_94' title='bbox 1448 1192 1647 1246; x_wconf 89' lang='lat' dir='ltr'>Norico</span> <span class='ocrx_word' id='word_1_95' title='bbox 1688 1196 1807 1245; x_wconf 88' lang='lat' dir='ltr'>tan—</span> 
     </span>
     <span class='ocr_line' id='line_1_14' title="bbox 113 1266 1808 1335; baseline -0.001 -15"><span class='ocrx_word' id='word_1_96' title='bbox 113 1267 231 1320; x_wconf 84' lang='lat' dir='ltr'>tum</span> <span class='ocrx_word' id='word_1_97' title='bbox 270 1286 424 1321; x_wconf 89' lang='lat' dir='ltr'>enses</span> <span class='ocrx_word' id='word_1_98' title='bbox 463 1269 619 1335; x_wconf 86' lang='lat' dir='ltr'>fiunt,</span> <span class='ocrx_word' id='word_1_99' title='bbox 668 1268 760 1320; x_wconf 88' lang='lat' dir='ltr'>sed</span> <span class='ocrx_word' id='word_1_100' title='bbox 799 1269 874 1320; x_wconf 90' lang='lat' dir='ltr'>sic</span> <span class='ocrx_word' id='word_1_101' title='bbox 914 1268 1128 1335; x_wconf 91' lang='lat' dir='ltr'>dicitur,</span> <span class='ocrx_word' id='word_1_102' title='bbox 1174 1270 1257 1319; x_wconf 91' lang='lat' dir='ltr'>ut:</span> <span class='ocrx_word' id='word_1_103' title='bbox 1319 1266 1509 1319; x_wconf 92' lang='lat' dir='ltr'>Leuis</span> <span class='ocrx_word' id='word_1_104' title='bbox 1549 1267 1808 1318; x_wconf 89' lang='lat' dir='ltr'>innatat</span> 
     </span>
     <span class='ocr_line' id='line_1_15' title="bbox 118 1341 1806 1410; baseline -0.001 -16"><span class='ocrx_word' id='word_1_105' title='bbox 118 1343 304 1394; x_wconf 88' lang='lat' dir='ltr'>alnus</span> <span class='ocrx_word' id='word_1_106' title='bbox 350 1342 546 1393; x_wconf 85' lang='lat' dir='ltr'>missa</span> <span class='ocrx_word' id='word_1_107' title='bbox 595 1341 781 1393; x_wconf 81' lang='lat' dir='ltr'>Pado,</span> <span class='ocrx_word' id='word_1_108' title='bbox 907 1342 975 1393; x_wconf 87' lang='grc'>10</span> <span class='ocrx_word' id='word_1_109' title='bbox 1021 1359 1134 1394; x_wconf 90' lang='lat' dir='ltr'>nec</span> <span class='ocrx_word' id='word_1_110' title='bbox 1184 1359 1352 1393; x_wconf 91' lang='lat' dir='ltr'>mare</span> <span class='ocrx_word' id='word_1_111' title='bbox 1403 1341 1806 1410; x_wconf 83' lang='lat' dir='ltr'>naufragum.</span> 
     </span>
     <span class='ocr_line' id='line_1_16' title="bbox 118 1414 1873 1484; baseline 0 -18"><span class='ocrx_word' id='word_1_112' title='bbox 118 1416 273 1467; x_wconf 89' lang='lat' dir='ltr'>aliter</span> <span class='ocrx_word' id='word_1_113' title='bbox 313 1415 485 1467; x_wconf 69' lang='lat' dir='ltr'>‘mare</span> <span class='ocrx_word' id='word_1_114' title='bbox 524 1414 877 1484; x_wconf 84' lang='lat' dir='ltr'>naufragum&#39;</span> <span class='ocrx_word' id='word_1_115' title='bbox 926 1415 1081 1467; x_wconf 89' lang='lat' dir='ltr'>aliter</span> <span class='ocrx_word' id='word_1_116' title='bbox 1129 1414 1317 1467; x_wconf 69' lang='lat' dir='ltr'>‘homo</span> <span class='ocrx_word' id='word_1_117' title='bbox 1358 1414 1682 1484; x_wconf 85' lang='lat' dir='ltr'>naufragus’</span> <span class='ocrx_word' id='word_1_118' title='bbox 1730 1415 1805 1466; x_wconf 88' lang='lat' dir='ltr'>di·</span> <span class='ocrx_word' id='word_1_119' title='bbox 1831 1425 1873 1458; x_wconf 87' lang='lat'>15</span> 
     </span>
     <span class='ocr_line' id='line_1_17' title="bbox 118 1487 1807 1558; baseline 0 -18"><span class='ocrx_word' id='word_1_120' title='bbox 118 1489 270 1541; x_wconf 91' lang='lat' dir='ltr'>citur.</span> <span class='ocrx_word' id='word_1_121' title='bbox 346 1507 492 1540; x_wconf 91' lang='lat' dir='ltr'>mare</span> <span class='ocrx_word' id='word_1_122' title='bbox 534 1489 677 1540; x_wconf 91' lang='lat' dir='ltr'>enim</span> <span class='ocrx_word' id='word_1_123' title='bbox 715 1489 847 1540; x_wconf 86' lang='lat' dir='ltr'>facit</span> <span class='ocrx_word' id='word_1_124' title='bbox 885 1489 1236 1558; x_wconf 86' lang='lat' dir='ltr'>naufragum,</span> <span class='ocrx_word' id='word_1_125' title='bbox 1284 1489 1439 1556; x_wconf 90' lang='lat' dir='ltr'>quasi</span> <span class='ocrx_word' id='word_1_126' title='bbox 1500 1487 1807 1540; x_wconf 86' lang='lat' dir='ltr'>Nauifra-</span> 
     </span>
     <span class='ocr_line' id='line_1_18' title="bbox 117 1561 1806 1632; baseline -0.001 -17"><span class='ocrx_word' id='word_1_127' title='bbox 117 1580 261 1632; x_wconf 89' lang='lat' dir='ltr'>gum</span> <span class='ocrx_word' id='word_1_128' title='bbox 302 1561 722 1631; x_wconf 78' lang='lat' dir='ltr'>Scyllaceum,</span> <span class='ocrx_word' id='word_1_129' title='bbox 771 1563 914 1631; x_wconf 90' lang='lat' dir='ltr'>quod</span> <span class='ocrx_word' id='word_1_130' title='bbox 960 1563 1036 1614; x_wconf 87' lang='lat' dir='ltr'>ibi</span> <span class='ocrx_word' id='word_1_131' title='bbox 1074 1581 1242 1614; x_wconf 88' lang='lat' dir='ltr'>naues</span> <span class='ocrx_word' id='word_1_132' title='bbox 1280 1563 1621 1632; x_wconf 82' lang='lat' dir='ltr'>frangantur.</span> <span class='ocrx_word' id='word_1_133' title='bbox 1738 1562 1806 1614; x_wconf 81' lang='lat'>15</span> 
     </span>
     <span class='ocr_line' id='line_1_19' title="bbox 118 1636 1806 1689; baseline 0 -1"><span class='ocrx_word' id='word_1_134' title='bbox 118 1641 179 1688; x_wconf 91' lang='lat' dir='ltr'>et</span> <span class='ocrx_word' id='word_1_135' title='bbox 216 1637 434 1688; x_wconf 90' lang='lat' dir='ltr'>insani</span> <span class='ocrx_word' id='word_1_136' title='bbox 473 1636 684 1689; x_wconf 92' lang='lat' dir='ltr'>leonis</span> <span class='ocrx_word' id='word_1_137' title='bbox 723 1637 852 1689; x_wconf 86' lang='lat' dir='ltr'>uim</span> <span class='ocrx_word' id='word_1_138' title='bbox 893 1636 1221 1689; x_wconf 88' lang='lat' dir='ltr'>stomacho</span> <span class='ocrx_word' id='word_1_139' title='bbox 1263 1655 1309 1688; x_wconf 91' lang='lat' dir='ltr'>a.</span> <span class='ocrx_word' id='word_1_140' title='bbox 1347 1655 1399 1688; x_wconf 93' lang='lat' dir='ltr'>n.</span> <span class='ocrx_word' id='word_1_141' title='bbox 1445 1637 1583 1689; x_wconf 91' lang='lat' dir='ltr'>belle</span> <span class='ocrx_word' id='word_1_142' title='bbox 1625 1636 1689 1688; x_wconf 93' lang='lat' dir='ltr'>de</span> <span class='ocrx_word' id='word_1_143' title='bbox 1727 1636 1806 1688; x_wconf 86' lang='lat' dir='ltr'>fa-</span> 
     </span>
     <span class='ocr_line' id='line_1_20' title="bbox 116 1710 1806 1779; baseline 0 -17"><span class='ocrx_word' id='word_1_144' title='bbox 116 1710 244 1763; x_wconf 89' lang='lat' dir='ltr'>bula</span> <span class='ocrx_word' id='word_1_145' title='bbox 284 1728 471 1763; x_wconf 90' lang='lat' dir='ltr'>sensus</span> <span class='ocrx_word' id='word_1_146' title='bbox 510 1711 783 1778; x_wconf 92' lang='lat' dir='ltr'>praesenti</span> <span class='ocrx_word' id='word_1_147' title='bbox 821 1710 1113 1763; x_wconf 88' lang='lat' dir='ltr'>intentioni</span> <span class='ocrx_word' id='word_1_148' title='bbox 1151 1711 1482 1763; x_wconf 88' lang='lat' dir='ltr'>necessarius</span> <span class='ocrx_word' id='word_1_149' title='bbox 1516 1712 1806 1779; x_wconf 90' lang='lat' dir='ltr'>conceptus</span> 
     </span>
     <span class='ocr_line' id='line_1_21' title="bbox 120 1783 1875 1854; baseline 0 -18"><span class='ocrx_word' id='word_1_150' title='bbox 120 1787 215 1837; x_wconf 87' lang='lat' dir='ltr'>est.</span> <span class='ocrx_word' id='word_1_151' title='bbox 308 1785 385 1836; x_wconf 88' lang='lat' dir='ltr'>ait</span> <span class='ocrx_word' id='word_1_152' title='bbox 445 1788 625 1836; x_wconf 83' lang='lat' dir='ltr'>autern</span> <span class='ocrx_word' id='word_1_153' title='bbox 678 1783 1061 1837; x_wconf 89' lang='lat' dir='ltr'>Prometheum</span> <span class='ocrx_word' id='word_1_154' title='bbox 1122 1785 1251 1838; x_wconf 89' lang='lat' dir='ltr'>limo</span> <span class='ocrx_word' id='word_1_155' title='bbox 1304 1784 1551 1837; x_wconf 88' lang='lat' dir='ltr'>homines</span> <span class='ocrx_word' id='word_1_156' title='bbox 1605 1785 1807 1854; x_wconf 87' lang='lat' dir='ltr'>fingere</span> <span class='ocrx_word' id='word_1_157' title='bbox 1832 1796 1875 1827; x_wconf 80' lang='lat'>20</span> 
     </span>
     <span class='ocr_line' id='line_1_22' title="bbox 115 1858 1808 1927; baseline -0.001 -17"><span class='ocrx_word' id='word_1_158' title='bbox 115 1859 321 1910; x_wconf 90' lang='lat' dir='ltr'>iussum</span> <span class='ocrx_word' id='word_1_159' title='bbox 376 1862 423 1910; x_wconf 77' lang='lat' dir='ltr'>et</span> <span class='ocrx_word' id='word_1_160' title='bbox 484 1876 547 1910; x_wconf 82' lang='lat' dir='ltr'>ex</span> <span class='ocrx_word' id='word_1_161' title='bbox 602 1859 851 1910; x_wconf 91' lang='lat' dir='ltr'>omnibus</span> <span class='ocrx_word' id='word_1_162' title='bbox 901 1859 1222 1911; x_wconf 89' lang='lat' dir='ltr'>animalibus</span> <span class='ocrx_word' id='word_1_163' title='bbox 1269 1859 1561 1927; x_wconf 89' lang='lat' dir='ltr'>particulas</span> <span class='ocrx_word' id='word_1_164' title='bbox 1600 1858 1808 1911; x_wconf 88' lang='lat' dir='ltr'>homini</span> 
     </span>
     <span class='ocr_line' id='line_1_23' title="bbox 120 1932 1809 2001; baseline -0.001 -17"><span class='ocrx_word' id='word_1_165' title='bbox 120 1932 389 2000; x_wconf 91' lang='lat' dir='ltr'>adponere</span> <span class='ocrx_word' id='word_1_166' title='bbox 428 1933 540 1984; x_wconf 90' lang='lat' dir='ltr'>uim</span> <span class='ocrx_word' id='word_1_167' title='bbox 578 1933 750 1985; x_wconf 90' lang='lat' dir='ltr'>leonis</span> <span class='ocrx_word' id='word_1_168' title='bbox 792 1933 1067 1985; x_wconf 92' lang='lat' dir='ltr'>stomacho</span> <span class='ocrx_word' id='word_1_169' title='bbox 1102 1932 1438 2001; x_wconf 70' lang='lat' dir='ltr'>adposuisse,</span> <span class='ocrx_word' id='word_1_170' title='bbox 1478 1933 1675 1985; x_wconf 85' lang='lat' dir='ltr'>idcirco</span> <span class='ocrx_word' id='word_1_171' title='bbox 1707 1932 1809 1984; x_wconf 87' lang='lat' dir='ltr'>ira-</span> 
     </span>
     <span class='ocr_line' id='line_1_24' title="bbox 119 2006 1725 2075; baseline -0.001 -17"><span class='ocrx_word' id='word_1_172' title='bbox 119 2006 314 2058; x_wconf 85' lang='lat' dir='ltr'>cundia</span> <span class='ocrx_word' id='word_1_173' title='bbox 352 2007 526 2075; x_wconf 90' lang='lat' dir='ltr'>magis</span> <span class='ocrx_word' id='word_1_174' title='bbox 566 2025 666 2059; x_wconf 95' lang='lat' dir='ltr'>nos</span> <span class='ocrx_word' id='word_1_175' title='bbox 706 2006 920 2059; x_wconf 88' lang='lat' dir='ltr'>incendi</span> <span class='ocrx_word' id='word_1_176' title='bbox 960 2025 1121 2075; x_wconf 90' lang='lat' dir='ltr'>quam</span> <span class='ocrx_word' id='word_1_177' title='bbox 1159 2008 1271 2058; x_wconf 89' lang='lat' dir='ltr'>ulla</span> <span class='ocrx_word' id='word_1_178' title='bbox 1310 2007 1416 2058; x_wconf 89' lang='lat' dir='ltr'>alia</span> <span class='ocrx_word' id='word_1_179' title='bbox 1456 2006 1725 2058; x_wconf 87' lang='lat' dir='ltr'>animalia.</span> 
     </span>
    </p>

    <p class='ocr_par' dir='ltr' id='par_1_5' title="bbox 116 2074 1876 2592">
     <span class='ocr_line' id='line_1_25' title="bbox 121 2074 1804 2148; baseline 0.001 -17"><span class='ocrx_word' id='word_1_180' title='bbox 121 2081 185 2131; x_wconf 83' lang='lat'>17</span> <span class='ocrx_word' id='word_1_181' title='bbox 243 2080 376 2131; x_wconf 88' lang='lat' dir='ltr'>irae</span> <span class='ocrx_word' id='word_1_182' title='bbox 432 2080 759 2148; x_wconf 81' lang='lat' dir='ltr'>Thyesten</span> <span class='ocrx_word' id='word_1_183' title='bbox 822 2081 1021 2132; x_wconf 87' lang='lat' dir='ltr'>exitio</span> <span class='ocrx_word' id='word_1_184' title='bbox 1086 2080 1286 2148; x_wconf 87' lang='lat' dir='ltr'>graui.</span> <span class='ocrx_word' id='word_1_185' title='bbox 1378 2080 1487 2131; x_wconf 89' lang='lat' dir='ltr'>iam</span> <span class='ocrx_word' id='word_1_186' title='bbox 1540 2080 1644 2132; x_wconf 92' lang='lat' dir='ltr'>hoc</span> <span class='ocrx_word' id='word_1_187' title='bbox 1699 2074 1804 2132; x_wconf 83' lang='grc' dir='ltr'>ἀπὸ</span> 
     </span>
     <span class='ocr_line' id='line_1_26' title="bbox 116 2153 1876 2222; baseline 0 -18"><span class='ocrx_word' id='word_1_188' title='bbox 116 2153 558 2221; x_wconf 75' lang='grc' dir='ltr'><em>παραδείγματος</em></span> <span class='ocrx_word' id='word_1_189' title='bbox 601 2153 788 2222; x_wconf 84' lang='lat' dir='ltr'>infert,</span> <span class='ocrx_word' id='word_1_190' title='bbox 840 2154 1077 2222; x_wconf 90' lang='lat' dir='ltr'>probans</span> <span class='ocrx_word' id='word_1_191' title='bbox 1127 2171 1288 2222; x_wconf 91' lang='lat' dir='ltr'>quam</span> <span class='ocrx_word' id='word_1_192' title='bbox 1336 2154 1407 2206; x_wconf 90' lang='lat' dir='ltr'>sit</span> <span class='ocrx_word' id='word_1_193' title='bbox 1443 2154 1524 2205; x_wconf 89' lang='lat' dir='ltr'>ira</span> <span class='ocrx_word' id='word_1_194' title='bbox 1565 2156 1718 2206; x_wconf 87' lang='lat' dir='ltr'>atrox</span> <span class='ocrx_word' id='word_1_195' title='bbox 1757 2156 1810 2205; x_wconf 92' lang='lat' dir='ltr'>et</span> <span class='ocrx_word' id='word_1_196' title='bbox 1833 2165 1876 2196; x_wconf 79' lang='lat'>25</span> 
     </span>
     <span class='ocr_line' id='line_1_27' title="bbox 120 2226 1807 2296; baseline 0.001 -18"><span class='ocrx_word' id='word_1_197' title='bbox 120 2226 344 2279; x_wconf 87' lang='lat' dir='ltr'>exitiosa</span> <span class='ocrx_word' id='word_1_198' title='bbox 373 2226 697 2279; x_wconf 88' lang='lat' dir='ltr'>hominibus.</span> <span class='ocrx_word' id='word_1_199' title='bbox 804 2228 877 2280; x_wconf 83' lang='lat'>20</span> <span class='ocrx_word' id='word_1_200' title='bbox 915 2227 1422 2296; x_wconf 89' lang='lat' dir='ltr'>inprimeretque</span> <span class='ocrx_word' id='word_1_201' title='bbox 1461 2228 1658 2280; x_wconf 89' lang='lat' dir='ltr'>muris</span> <span class='ocrx_word' id='word_1_202' title='bbox 1696 2227 1807 2280; x_wconf 95' lang='lat' dir='ltr'>ho-</span> 
     </span>
     <span class='ocr_line' id='line_1_28' title="bbox 117 2300 1810 2354; baseline 0.001 -3"><span class='ocrx_word' id='word_1_203' title='bbox 117 2300 268 2352; x_wconf 91' lang='lat' dir='ltr'>stile</span> <span class='ocrx_word' id='word_1_204' title='bbox 316 2303 617 2353; x_wconf 90' lang='lat' dir='ltr'>aratrum.</span> <span class='ocrx_word' id='word_1_205' title='bbox 693 2301 796 2354; x_wconf 90' lang='lat' dir='ltr'>hoc</span> <span class='ocrx_word' id='word_1_206' title='bbox 837 2305 941 2353; x_wconf 90' lang='lat' dir='ltr'>est:</span> <span class='ocrx_word' id='word_1_207' title='bbox 989 2301 1122 2354; x_wconf 92' lang='lat' dir='ltr'>haec</span> <span class='ocrx_word' id='word_1_208' title='bbox 1162 2302 1348 2354; x_wconf 88' lang='lat' dir='ltr'>eadem</span> <span class='ocrx_word' id='word_1_209' title='bbox 1386 2302 1468 2354; x_wconf 88' lang='lat' dir='ltr'>ira</span> <span class='ocrx_word' id='word_1_210' title='bbox 1507 2320 1667 2354; x_wconf 91' lang='lat' dir='ltr'>causa</span> <span class='ocrx_word' id='word_1_211' title='bbox 1705 2301 1810 2353; x_wconf 87' lang='lat' dir='ltr'>fuit</span> 
     </span>
     <span class='ocr_line' id='line_1_29' title="bbox 125 2373 1809 2444; baseline 0 -18"><span class='ocrx_word' id='word_1_212' title='bbox 125 2373 363 2427; x_wconf 87' lang='lat' dir='ltr'>delendis</span> <span class='ocrx_word' id='word_1_213' title='bbox 417 2374 638 2427; x_wconf 90' lang='lat' dir='ltr'>urbibus</span> <span class='ocrx_word' id='word_1_214' title='bbox 695 2375 826 2428; x_wconf 89' lang='lat' dir='ltr'>adeo</span> <span class='ocrx_word' id='word_1_215' title='bbox 882 2394 1073 2444; x_wconf 91' lang='lat' dir='ltr'>usque,</span> <span class='ocrx_word' id='word_1_216' title='bbox 1127 2378 1189 2427; x_wconf 90' lang='lat' dir='ltr'>ut</span> <span class='ocrx_word' id='word_1_217' title='bbox 1241 2376 1335 2428; x_wconf 91' lang='lat' dir='ltr'>ubi</span> <span class='ocrx_word' id='word_1_218' title='bbox 1387 2376 1618 2428; x_wconf 87' lang='lat' dir='ltr'>fuissent</span> <span class='ocrx_word' id='word_1_219' title='bbox 1669 2376 1809 2427; x_wconf 88' lang='lat' dir='ltr'>muri</span> 
     </span>
     <span class='ocr_line' id='line_1_30' title="bbox 123 2448 1808 2518; baseline 0 -18"><span class='ocrx_word' id='word_1_220' title='bbox 123 2451 360 2500; x_wconf 83' lang='lat' dir='ltr'>aratrum</span> <span class='ocrx_word' id='word_1_221' title='bbox 400 2448 695 2501; x_wconf 89' lang='lat' dir='ltr'>duceretur.</span> <span class='ocrx_word' id='word_1_222' title='bbox 794 2450 865 2502; x_wconf 78' lang='lat'>22</span> <span class='ocrx_word' id='word_1_223' title='bbox 904 2468 997 2502; x_wconf 88' lang='lat' dir='ltr'>me</span> <span class='ocrx_word' id='word_1_224' title='bbox 1038 2467 1284 2518; x_wconf 88' lang='lat' dir='ltr'>quoque</span> <span class='ocrx_word' id='word_1_225' title='bbox 1323 2451 1606 2518; x_wconf 87' lang='lat' dir='ltr'>pectoris</span> <span class='ocrx_word' id='word_1_226' title='bbox 1652 2452 1808 2501; x_wconf 88' lang='lat' dir='ltr'>tem-</span> 
     </span>
     <span class='ocr_line' id='line_1_31' title="bbox 118 2522 1873 2592; baseline 0 -19"><span class='ocrx_word' id='word_1_227' title='bbox 118 2522 336 2589; x_wconf 89' lang='lat' dir='ltr'>ptauit</span> <span class='ocrx_word' id='word_1_228' title='bbox 379 2522 446 2574; x_wconf 92' lang='lat' dir='ltr'>in</span> <span class='ocrx_word' id='word_1_229' title='bbox 493 2522 664 2575; x_wconf 90' lang='lat' dir='ltr'>dulci</span> <span class='ocrx_word' id='word_1_230' title='bbox 711 2523 977 2576; x_wconf 88' lang='lat' dir='ltr'>iuuenta</span> <span class='ocrx_word' id='word_1_231' title='bbox 1022 2523 1262 2575; x_wconf 82' lang='lat' dir='ltr'>feruor.</span> <span class='ocrx_word' id='word_1_232' title='bbox 1339 2542 1424 2575; x_wconf 90' lang='lat' dir='ltr'>me</span> <span class='ocrx_word' id='word_1_233' title='bbox 1472 2541 1681 2592; x_wconf 90' lang='lat' dir='ltr'>quoque</span> <span class='ocrx_word' id='word_1_234' title='bbox 1728 2523 1807 2574; x_wconf 87' lang='lat' dir='ltr'>in·</span> <span class='ocrx_word' id='word_1_235' title='bbox 1830 2534 1873 2565; x_wconf 80' lang='lat'>3⁰</span> 
     </span>
    </p>
   </div>
   <div class='ocr_carea' id='block_1_5' title="bbox 117 2633 471 2641">
    <p class='ocr_par' dir='ltr' id='par_1_6' title="bbox 117 2633 471 2641">
     <span class='ocr_line' id='line_1_32' title="bbox 117 2633 471 2641; baseline 0 0"><span class='ocrx_word' id='word_1_236' title='bbox 117 2633 471 2641; x_wconf 95' lang='lat' dir='ltr'> </span> 
     </span>
    </p>
   </div>
   <div class='ocr_carea' id='block_1_6' title="bbox 240 2680 1544 2741">
    <p class='ocr_par' dir='ltr' id='par_1_7' title="bbox 240 2680 1544 2741">
     <span class='ocr_line' id='line_1_33' title="bbox 240 2680 1544 2741; baseline 0.002 -18"><span class='ocrx_word' id='word_1_237' title='bbox 240 2685 292 2723; x_wconf 90' lang='lat'>13</span> <span class='ocrx_word' id='word_1_238' title='bbox 325 2680 463 2737; x_wconf 87' lang='lat' dir='ltr'>Verg.</span> <span class='ocrx_word' id='word_1_239' title='bbox 496 2681 663 2739; x_wconf 85' lang='lat' dir='ltr'>Georg.</span> <span class='ocrx_word' id='word_1_240' title='bbox 697 2688 738 2736; x_wconf 83' lang='lat'>2,</span> <span class='ocrx_word' id='word_1_241' title='bbox 771 2688 854 2727; x_wconf 87' lang='lat'>451</span> <span class='ocrx_word' id='word_1_242' title='bbox 981 2689 1034 2728; x_wconf 89' lang='lat'>16</span> <span class='ocrx_word' id='word_1_243' title='bbox 1067 2683 1207 2740; x_wconf 85' lang='lat' dir='ltr'>Verg.</span> <span class='ocrx_word' id='word_1_244' title='bbox 1238 2684 1351 2728; x_wconf 87' lang='lat' dir='ltr'>Aen.</span> <span class='ocrx_word' id='word_1_245' title='bbox 1386 2689 1428 2741; x_wconf 90' lang='lat'>3,</span> <span class='ocrx_word' id='word_1_246' title='bbox 1461 2688 1544 2727; x_wconf 85' lang='grc'>553</span> 
     </span>
    </p>
   </div>
   <div class='ocr_carea' id='block_1_7' title="bbox 117 2813 1809 3109">
    <p class='ocr_par' dir='ltr' id='par_1_8' title="bbox 117 2813 1809 3109">
     <span class='ocr_line' id='line_1_34' title="bbox 239 2813 1699 2861; baseline 0.001 -4"><span class='ocrx_word' id='word_1_247' title='bbox 239 2819 262 2857; x_wconf 92' lang='grc'>1</span> <span class='ocrx_word' id='word_1_248' title='bbox 294 2813 495 2858; x_wconf 87' lang='lat' dir='ltr'>Achillei</span> <span class='ocrx_word' id='word_1_249' title='bbox 525 2828 614 2859; x_wconf 89' lang='lat' dir='ltr'>om.</span> <span class='ocrx_word' id='word_1_250' title='bbox 649 2816 713 2858; x_wconf 98' lang='lat' dir='ltr'><em>M</em></span> <span class='ocrx_word' id='word_1_251' title='bbox 830 2822 855 2860; x_wconf 82' lang='lat'>6</span> <span class='ocrx_word' id='word_1_252' title='bbox 889 2817 1138 2861; x_wconf 80' lang='lat' dir='ltr'>scribserat</span> <span class='ocrx_word' id='word_1_253' title='bbox 1170 2817 1233 2859; x_wconf 85' lang='lat' dir='ltr'><em>M</em></span> <span class='ocrx_word' id='word_1_254' title='bbox 1351 2821 1404 2859; x_wconf 97' lang='grc'>12</span> <span class='ocrx_word' id='word_1_255' title='bbox 1437 2815 1487 2859; x_wconf 89' lang='lat' dir='ltr'>in</span> <span class='ocrx_word' id='word_1_256' title='bbox 1517 2829 1601 2859; x_wconf 85' lang='lat' dir='ltr'>om.</span> <span class='ocrx_word' id='word_1_257' title='bbox 1636 2816 1699 2858; x_wconf 85' lang='lat' dir='ltr'><em>M</em></span> 
     </span>
     <span class='ocr_line' id='line_1_35' title="bbox 121 2873 1806 2932; baseline 0.001 -17"><span class='ocrx_word' id='word_1_258' title='bbox 121 2877 174 2916; x_wconf 88' lang='grc'>13</span> <span class='ocrx_word' id='word_1_259' title='bbox 213 2873 341 2916; x_wconf 88' lang='lat' dir='ltr'>leues</span> <span class='ocrx_word' id='word_1_260' title='bbox 384 2873 447 2916; x_wconf 85' lang='lat' dir='ltr'><em>M</em></span> <span class='ocrx_word' id='word_1_261' title='bbox 580 2879 634 2918; x_wconf 85' lang='grc'>16</span> <span class='ocrx_word' id='word_1_262' title='bbox 673 2874 973 2932; x_wconf 83' lang='lat' dir='ltr'>naufragmm</span> <span class='ocrx_word' id='word_1_263' title='bbox 1013 2889 1148 2931; x_wconf 84' lang='lat' dir='ltr'>quas1</span> <span class='ocrx_word' id='word_1_264' title='bbox 1186 2874 1502 2931; x_wconf 78' lang='lat' dir='ltr'>nauifragium</span> <span class='ocrx_word' id='word_1_265' title='bbox 1542 2875 1626 2929; x_wconf 88' lang='lat' dir='ltr'>M,</span> <span class='ocrx_word' id='word_1_266' title='bbox 1668 2875 1806 2930; x_wconf 78' lang='lat' dir='ltr'>prius</span> 
     </span>
     <span class='ocr_line' id='line_1_36' title="bbox 117 2931 1809 2990; baseline 0.001 -16"><span class='ocrx_word' id='word_1_267' title='bbox 117 2931 396 2989; x_wconf 85' lang='lat' dir='ltr'>naufragum</span> <span class='ocrx_word' id='word_1_268' title='bbox 430 2932 600 2989; x_wconf 72' lang='lat' dir='ltr'>Pauly.</span> <span class='ocrx_word' id='word_1_269' title='bbox 663 2933 798 2989; x_wconf 86' lang='lat' dir='ltr'>quasi</span> <span class='ocrx_word' id='word_1_270' title='bbox 830 2955 886 2970; x_wconf 93' lang='lat'>=</span> <span class='ocrx_word' id='word_1_271' title='bbox 919 2935 1166 2990; x_wconf 88' lang='lat' dir='ltr'>quomodo.</span> <span class='ocrx_word' id='word_1_272' title='bbox 1315 2938 1366 2977; x_wconf 87' lang='grc'>17</span> <span class='ocrx_word' id='word_1_273' title='bbox 1401 2934 1711 2990; x_wconf 84' lang='lat' dir='ltr'>scyllacaeum</span> <span class='ocrx_word' id='word_1_274' title='bbox 1745 2933 1809 2976; x_wconf 87' lang='lat' dir='ltr'><em>M</em></span> 
     </span>
     <span class='ocr_line' id='line_1_37' title="bbox 236 2991 1803 3049; baseline 0.001 -15"><span class='ocrx_word' id='word_1_275' title='bbox 236 2995 290 3034; x_wconf 85' lang='lat'>21</span> <span class='ocrx_word' id='word_1_276' title='bbox 325 2994 373 3035; x_wconf 89' lang='lat' dir='ltr'>et</span> <span class='ocrx_word' id='word_1_277' title='bbox 402 3004 486 3035; x_wconf 84' lang='lat' dir='ltr'>om.</span> <span class='ocrx_word' id='word_1_278' title='bbox 519 2991 584 3034; x_wconf 88' lang='lat' dir='ltr'><em>M</em></span> <span class='ocrx_word' id='word_1_279' title='bbox 701 2998 755 3036; x_wconf 84' lang='lat'>23</span> <span class='ocrx_word' id='word_1_280' title='bbox 790 2993 1015 3049; x_wconf 87' lang='lat' dir='ltr'>quanulla</span> <span class='ocrx_word' id='word_1_281' title='bbox 1047 2994 1112 3037; x_wconf 90' lang='lat' dir='ltr'><em>M</em></span> <span class='ocrx_word' id='word_1_282' title='bbox 1228 2997 1285 3036; x_wconf 84' lang='lat'>24</span> <span class='ocrx_word' id='word_1_283' title='bbox 1316 2992 1543 3037; x_wconf 80' lang='lat' dir='ltr'>&amp;hresten</span> <span class='ocrx_word' id='word_1_284' title='bbox 1576 2993 1639 3036; x_wconf 88' lang='lat' dir='ltr'><em>M</em></span> <span class='ocrx_word' id='word_1_285' title='bbox 1748 2997 1803 3036; x_wconf 82' lang='lat'>25</span> 
     </span>
     <span class='ocr_line' id='line_1_38' title="bbox 117 3043 1727 3109; baseline 0.001 -17"><span class='ocrx_word' id='word_1_286' title='bbox 117 3043 558 3096; x_wconf 72' lang='grc' dir='ltr'>ΠὸΡὸΔΙΓΜὰΤΟ(</span> <span class='ocrx_word' id='word_1_287' title='bbox 592 3051 656 3094; x_wconf 88' lang='grc' dir='ltr'><strong>Μ</strong></span> <span class='ocrx_word' id='word_1_288' title='bbox 744 3056 799 3097; x_wconf 90' lang='grc'>28</span> <span class='ocrx_word' id='word_1_289' title='bbox 830 3066 978 3108; x_wconf 89' lang='lat' dir='ltr'>usque</span> <span class='ocrx_word' id='word_1_290' title='bbox 1011 3052 1128 3096; x_wconf 87' lang='lat' dir='ltr'>adeo</span> <span class='ocrx_word' id='word_1_291' title='bbox 1162 3067 1192 3107; x_wconf 85' lang='grc' dir='ltr'><strong><em>ς</em></strong></span> <span class='ocrx_word' id='word_1_292' title='bbox 1284 3057 1339 3097; x_wconf 86' lang='grc'>29</span> <span class='ocrx_word' id='word_1_293' title='bbox 1371 3053 1630 3109; x_wconf 76' lang='lat' dir='ltr'>peccatoris</span> <span class='ocrx_word' id='word_1_294' title='bbox 1664 3052 1727 3094; x_wconf 88' lang='lat' dir='ltr'><em>M</em></span> 
     </span>
    </p>
   </div>
  </div>
 </body>
</html>
