1939 3197
185 128 292 180 340
650 127 949 172 EPISTULA
980 128 1036 183 Π,
1070 133 1110 183 2,
1147 133 1392 174 176—185.
1422 147 1427 149 >

186 265 305 317 dem
360 264 653 317 moriturus
710 263 781 316 sit
833 263 983 316 diues
1038 264 1223 316 eadem
1285 267 1426 318 sorte
1489 283 1595 334 qua
1654 283 1871 334 pauper.
1935 290 1937 293 ⁴

337 339 440 391 176
495 339 678 390 uelut
731 338 900 389 unda
955 357 994 390 S.
1048 357 1098 390 11.
1197 341 1258 391 ut
1317 338 1509 391 fluctus
1570 356 1666 408 per
1726 339 1871 392 uices
1931 376 1933 379 .

183 413 425 481 ueniunt7
465 430 585 464 cum
625 429 689 463 ex
726 412 971 464 inmenso
1012 412 1253 464 uoluitur
1297 431 1458 465 mare.
1613 413 1716 465 177
1758 411 1871 466 Oa-

182 486 407 539 labris:
448 485 752 539 fructuosis
830 488 912 538 est
950 485 1094 538 enim
1127 485 1376 539 Calabria
1413 490 1627 556 praeter
1667 489 1871 539 ceteros

139 574 160 607 5
184 561 386 612 reditus
428 561 590 612 etiam
629 560 881 628 pecuaria
920 563 974 611 et
1012 561 1258 612 lanarum
1297 561 1540 613 mollium
1571 561 1721 613 ferax
1742 561 1872 613 item

181 634 431 687 Lucania.
573 634 677 686 178
728 634 1029 686 saltibus:
1082 634 1206 686 latis
1251 634 1434 686 fundis
1480 635 1740 703 porrectis
1778 653 1874 704 per

180 709 440 778 plurimos
466 711 692 760 montes,
789 708 891 760 178
934 708 985 759 si
1018 709 1203 760 metit
1236 707 1456 761 Orcus:
1497 711 1757 778 amputat.
1820 712 1873 760 et

183 786 264 835 est
297 782 584 835 translatio
618 801 649 833 a
674 784 854 851 segete
880 800 941 834 ac
966 782 1309 835 messoribus,
1413 783 1518 835 180
1543 782 1874 851 Tyrrhena

184 858 427 927 sigilla:
467 857 654 909 Tusca.
718 875 845 908 nam
885 856 1028 925 apud
1069 857 1274 909 Tuscos
1306 857 1480 925 primo
1504 855 1693 909 Italiae
1718 857 1874 927 signa

117 947 159 979 10
184 932 246 984 de
287 949 552 983 marmore
591 934 984 999 processerunt.
1141 931 1242 983 181
1293 929 1564 983 Gaetulo
1613 931 1872 983 murice:

182 1005 340 1072 Afro,
389 1023 450 1057 ac
496 1023 592 1073 per
637 1004 761 1057 hoc:
809 1003 1013 1056 Mauro,
1093 1004 1360 1074 significat
1399 1005 1542 1056 enim
1580 1023 1874 1073 purpuram

184 1079 537 1132 Girbitanam.
663 1079 767 1131 182
816 1081 967 1130 sunt
1014 1078 1120 1146 qui
1167 1096 1293 1130 non
1339 1078 1622 1130 habeant
1672 1097 1733 1130 ac
1779 1096 1874 1147 per

181 1154 307 1206 hoc:
357 1152 674 1205 desiderent.
750 1169 877 1203 nam
930 1155 984 1203 et
1023 1152 1114 1220 qui
1151 1152 1350 1203 habere
1389 1170 1501 1205 non
1542 1155 1717 1221 curat,
1763 1170 1875 1204 non

181 1227 359 1279 habet.
446 1227 537 1279 sed
585 1226 733 1294 prior
778 1226 867 1277 ille
915 1227 1073 1295 inops
1119 1226 1355 1293 uidetur⁷
1402 1244 1561 1294 quem
1609 1226 1873 1295 cupiditas

117 1317 159 1350 15
182 1304 411 1370 torquet.
546 1301 650 1353 183
692 1318 798 1352 cur
838 1300 1001 1352 alter
1040 1300 1185 1351 frat.
1264 1300 1418 1352 ordo:
1460 1318 1555 1352 cur
1594 1300 1729 1352 alter
1767 1300 1874 1351 fra-

183 1380 328 1428 trum
392 1393 596 1428 cessare
651 1374 922 1442 praeferat
976 1373 1206 1427 Herodis
1265 1374 1514 1442 palmetis
1568 1374 1876 1444 pinguibuS‚

185 1451 320 1503 alter
368 1450 666 1502 siluestrem
713 1448 942 1500 fiammis
984 1452 1036 1500 et
1075 1448 1217 1501 ferro
1258 1448 1472 1518 mitiget
1511 1465 1724 1518 agrum,
1776 1448 1876 1500 scit

185 1525 375 1594 genius
423 1525 512 1591 qm'
561 1541 736 1575 comes
786 1523 965 1574 natale
1014 1524 1218 1574 astrum
1267 1524 1534 1590 temperat
1572 1524 1625 1573 et
1664 1524 1746 1574 est
1783 1540 1876 1573 na·
1915 1584 1922 1585 ἶ

185 1602 338 1651 turae
388 1598 517 1650 deus
565 1597 850 1649 humanae.
925 1597 1029 1650 hoc
1078 1599 1257 1649 autem
1306 1596 1455 1648 dicit:
1498 1614 1592 1648 cur
1631 1595 1877 1664 equidem

118 1689 162 1721 20
187 1673 399 1725 diuersa
446 1672 556 1724 sint
600 1671 845 1723 homines
893 1672 1197 1739 uoluntate,
1243 1688 1356 1723 non
1405 1688 1555 1738 cur03
1594 1670 1696 1722 scit
1734 1670 1877 1722 enim

186 1747 291 1799 hoc
331 1746 537 1816 geniuS,
578 1745 670 1813 qui
702 1744 862 1797 sortis
888 1748 1106 1796 nostrae
1132 1744 1381 1796 dominus
1405 1744 1656 1812 habetur3
1689 1762 1877 1796 uerum

187 1824 309 1873 utar
354 1820 514 1872 rebus
559 1818 729 1887 partis
778 1836 877 1870 nec
923 1836 1007 1869 me
1056 1817 1405 1886 defraudab0‚
1453 1820 1698 1870 metuens
1751 1817 1878 1886 quid

189 1895 253 1947 de
293 1912 376 1946 me
415 1893 571 1946 heres
612 1892 825 1959 sentiat,
865 1895 919 1944 et
956 1895 1139 1944 utrum
1178 1910 1262 1944 me
1302 1895 1574 1944 mortuum
1608 1891 1879 1960 uituperet

142 2034 145 2035 ⁷
187 1987 371 2021 necne.
449 1970 503 2020 et
540 1967 628 2019 hic
665 1965 917 2018 heredem
957 1968 1290 2034 captatorem
1323 1965 1605 2036 significat,
1643 1983 1757 2017 non
1788 1964 1877 2017 ad-

121 2058 165 2091 25
189 2045 429 2113 gnatum.
548 2041 653 2094 183
694 2041 859 2092 alter
896 2040 1184 2092 fratrum.
1261 2039 1398 2092 bene
1428 2040 1671 2091 fratrum.
1746 2039 1878 2091 haec

188 2136 272 2169 res
324 2116 467 2168 enim
512 2115 666 2183 facit,
716 2117 778 2166 ut
823 2114 1018 2166 mirum
1059 2114 1129 2166 sit
1168 2113 1450 2166 dissimiles
1490 2131 1620 2165 esse.
1775 2113 1880 2166 184
1918 2146 1919 2149 =

187 2190 463 2244 Herodis
503 2189 819 2259 palmetis.
896 2187 1138 2240 Herodes
1184 2187 1243 2238 in
1292 2185 1444 2256 Syria
1481 2186 1749 2239 Phoenice
1787 2205 1880 2239 rex

188 2264 534 2332 Iudaeorum,
579 2281 675 2331 per
722 2262 872 2315 cuius
919 2262 1156 2331 palmeta
1195 2279 1421 2330 magnas
1461 2261 1676 2313 diuitias
1717 2260 1878 2330 signi-

190 2340 329 2392 ficat.
455 2336 559 2390 185
603 2338 1019 2406 inportunus:
1069 2336 1183 2388 sine
1222 2338 1382 2404 portu
1423 2353 1484 2388 ac
1523 2334 1729 2403 requie,
1776 2334 1879 2387 hoc

124 2431 168 2463 30
193 2416 296 2465 est:
345 2430 555 2464 auarus,
633 2414 686 2463 et
730 2411 845 2479 ipse
894 2409 1146 2478 explicat,
1195 2410 1322 2477 quid
1370 2412 1452 2461 est
1499 2406 1878 2477 ‘inportunus'‚

193 2486 416 2539 dicendo
458 2486 533 2537 ad
572 2485 855 2537 umbram
885 2484 1048 2535 lucis
1089 2483 1163 2534 ab
1198 2486 1360 2551 ortU,
1394 2483 1496 2535 hoc
1530 2485 1632 2534 est:
1668 2500 1699 2533 a
1723 2499 1879 2533 mane

313 2696 338 2733 2
371 2704 455 2747 per
484 2688 610 2732 uices
641 2702 746 2732 snos:
778 2702 916 2745 super
947 2701 1099 2732 uicem
1125 2687 1198 2740 M,
1230 2700 1366 2743 super
1397 2700 1444 2731 se
1476 2685 1680 2730 inuicem
1705 2700 1734 2741 ς
1855 2691 1879 2728 3

196 2749 448 2794 uoluuntur
479 2748 599 2791 mari
629 2747 880 2791 Fabricius
1008 2752 1035 2790 4
1066 2746 1306 2790 fluctuosae
1341 2746 1404 2789 M
1522 2751 1546 2790 6
1580 2745 1666 2790 sch.
1701 2745 1763 2789 ad
1794 2744 1882 2788 sal-

194 2809 320 2853 tibus
342 2812 449 2864 post
478 2808 566 2852 sch.
601 2808 661 2850 ad
699 2805 862 2850 emerit
892 2807 945 2850 in
978 2806 1041 2849 M
1159 2810 1183 2848 7
1223 2804 1262 2848 si
1299 2804 1458 2848 metit:
1499 2805 1665 2848 emerlt
1705 2803 1769 2847 M

196 2868 396 2924 anputat
428 2867 492 2910 M
621 2871 672 2909 12
706 2869 831 2909 sunt:
865 2880 917 2908 su
951 2864 1014 2907 M
1140 2869 1192 2908 13
1225 2864 1494 2908 habitarent
1524 2880 1566 2906 n.
1598 2863 1762 2906 curant
1791 2875 1882 2906 non

200 2927 262 2969 M
381 2931 435 2971 18
475 2939 638 2983 gemus
669 2924 864 2968 natalec.
904 2923 1061 2967 natale
1102 2925 1279 2967 astrum
1312 2923 1397 2976 M,
1429 2921 1510 2978 qui
1541 2922 1704 2966 addida·
1824 2926 1880 2965 22

197 2986 304 3029 utar
334 2998 437 3028 nos:
468 2986 522 3028 ut
552 2999 580 3028 a
613 2984 676 3027 M
808 2988 864 3025 24
894 2996 1055 3026 necme
1090 2983 1153 3025 M
1283 2987 1339 3026 26
1373 2980 1590 3026 diss1m1h
1624 2981 1687 3024 M
1826 2984 1881 3023 27

200 3044 396 3088 herodes
430 3044 494 3087 M
611 3048 667 3088 30
698 3042 759 3086 sit
791 3057 818 3097 ς
