1939 3197
675 96 795 140 ODE
827 97 904 153 111,
939 102 964 140 2
996 97 1042 141 et
1075 101 1114 140 3.
1669 95 1736 147 79

51 231 301 286 Cereris
343 249 587 284 sacrum
633 232 924 300 uulgarit
971 249 1257 283 arcanae.
1336 232 1500 299 absit,
1546 232 1738 300 inquit,

47 311 110 359 ut
156 307 253 358 sub
294 306 478 358 eodem
516 308 660 357 tecto
700 323 877 357 morer
918 309 1010 356 aut
1051 323 1170 357 cum
1207 305 1291 356 his
1331 306 1607 374 nauigem⁷
1648 306 1738 374 qui

47 381 288 450 linguam
329 397 481 431 suam
519 396 684 447 usque
725 379 792 430 ad
830 379 1191 446 proditionem
1228 379 1610 446 mysteriorum
1643 377 1736 431 Ce-

48 454 179 505 reris
218 453 534 520 producunt.
687 452 758 504 32
809 471 953 504 raro
1002 452 1493 504 antecedentem
1541 452 1735 504 scele-

48 530 211 579 stum
251 526 298 578 d.
336 545 387 594 p.
424 546 474 595 p.
516 545 557 578 c.
626 526 728 578 hoc
767 526 1070 594 proximum
1110 528 1191 577 est
1229 526 1308 577 illi
1348 526 1489 594 quod
1528 526 1736 594 dicitur,
1760 544 1781 578 5

48 601 194 652 deos
242 601 445 653 iratos
484 601 674 668 pedes
713 600 969 652 lanatos
1008 599 1267 667 habere,
1307 600 1431 667 quia
1469 618 1735 652 nonnum-

47 693 206 742 quam
244 674 394 725 tarde
441 675 667 728 ueniunt
711 674 1044 725 nocentibus,
1132 673 1423 725 secundum
1461 673 1564 726 hoc
1605 691 1733 742 ergo

46 746 240 815 epoena
277 748 410 815 pede
452 747 659 800 claudo'
699 766 841 799 nunc
881 748 1023 798 dicta
1063 750 1166 815 est,
1218 764 1378 814 quam
1416 766 1538 800 raro
1589 748 1733 799 dese-

45 822 214 874 ruisse
262 822 665 873 antecedentem
704 821 986 872 scelestum
1025 820 1122 889 ait,
1173 820 1482 889 significans
1524 820 1735 873 difficile

42 913 155 947 non
191 895 438 964 persequi
477 913 613 964 eum,
653 895 737 946 cui
777 895 844 947 ob
884 895 1134 946 meritum
1174 894 1388 962 aliquod
1428 894 1665 947 debetur.
1758 913 1799 945 10

761 1053 880 1098 ODE
914 1059 955 1110 3,
989 1060 1029 1098 3.

193 1145 436 1198 Iustum
485 1149 545 1198 et
591 1150 877 1198 tenacem
923 1165 973 1213 p.
1021 1164 1069 1197 11.
1170 1147 1228 1198 in
1277 1148 1421 1198 secta
1464 1144 1644 1198 Stoica
1682 1148 1737 1197 et

46 1219 174 1283 lioc¹
203 1220 396 1272 dicitur
446 1220 647 1271 iustum
700 1221 875 1271 uirum
935 1223 988 1271 et
1040 1219 1257 1272 honesti
1305 1219 1570 1287 propositi
1622 1236 1735 1271 non

46 1294 237 1345 terreri
270 1293 466 1345 ciuium
492 1294 835 1361 opinionibus
862 1293 1205 1361 exigentium,
1236 1296 1297 1344 ut
1321 1293 1521 1361 aliquid
1547 1294 1738 1345 contra

46 1367 312 1419 rationem
342 1367 521 1418 faciat.
621 1367 653 1419 3
689 1385 816 1419 non
854 1367 1072 1418 uultus
1112 1366 1427 1419 instantis
1466 1366 1734 1435 tyranni
1759 1383 1801 1414 15

48 1444 256 1492 mente
297 1441 506 1508 quatit
547 1441 766 1492 solida.
845 1441 1047 1492 scilicet
1086 1459 1221 1508 011111,
1262 1458 1419 1508 quem
1450 1441 1651 1491 iustum
1684 1443 1738 1491 et

45 1517 290 1566 tenacem
342 1514 608 1582 propositi
662 1515 751 1567 ait.
852 1531 979 1582 ergo
1037 1532 1223 1565 sensus
1279 1517 1382 1565 est:
1439 1514 1737 1581 sapientem

46 1588 222 1639 uirum
266 1605 379 1640 non
430 1588 604 1657 quatit
641 1589 695 1640 id
736 1590 817 1639 est
854 1606 964 1639 non
1006 1588 1294 1640 conturbat
1332 1587 1514 1639 minax
1552 1588 1735 1638 uultus

45 1661 269 1729 tyranni
321 1661 439 1713 ideo
496 1662 718 1730 scilicet,
773 1662 897 1730 quia
952 1661 1121 1714 solida
1174 1664 1353 1713 mente
1409 1664 1491 1713 est
1543 1660 1598 1713 id
1653 1664 1736 1712 est

46 1736 200 1786 firma
240 1753 301 1786 ac
341 1736 625 1788 constanti.
726 1735 757 1787 9
798 1736 914 1787 hac
955 1738 1089 1787 arte
1129 1735 1357 1788 Pollux
1394 1735 1448 1786 id
1488 1738 1591 1786 est:
1630 1735 1732 1786 hac
1756 1752 1799 1784 20

47 1809 261 1860 uirtute.
375 1809 407 1860 9
449 1812 509 1860 et
547 1827 749 1879 uagus
788 1809 1115 1861 Hercules,
1191 1826 1396 1878 uagus
1437 1809 1609 1861 dictus
1642 1811 1736 1877 est,

48 1883 172 1951 quia
212 1883 396 1935 orbem
434 1885 698 1935 terrarum
737 1883 1061 1953 peragrauit.
1181 1884 1248 1935 10
1295 1900 1472 1934 arces
1511 1883 1736 1952 igneas

46 1957 100 2008 id
140 1958 242 2008 est:
285 1956 538 2025 sidereaS‚
593 1975 653 2009 ac
703 1976 800 2025 per
851 1957 978 2025 hoc,
1033 1958 1303 2008 000100100.
1457 1957 1522 2007 11
1580 1973 1736 2024 quos

47 2030 225 2081 inter
263 2028 592 2099 Augustus
632 2050 672 2082 r.
734 2032 887 2098 bene,
926 2031 1050 2098 quia
1083 2034 1136 2081 et
1166 2031 1279 2098 ipse
1312 2029 1529 2080 uirtutis
1562 2030 1736 2081 cultor

49 2106 144 2155 est.
261 2104 328 2154 12
367 2122 687 2171 purpureo
728 2105 899 2156 bibit
939 2122 1043 2156 ore
1083 2106 1320 2155 nectar.
1411 2120 1733 2171 purpureo
1759 2118 1802 2151 25

52 2194 178 2228 ore:
233 2176 375 2228 claro
423 2180 476 2228 et
524 2178 823 2246 splendido,
869 2180 930 2228 ut
975 2177 1334 2246 Uergilius:
1374 2176 1737 2245 Lumenque

48 2250 350 2302 iuuentae
390 2249 796 2319 Purpureum.
915 2251 980 2302 13
1019 2251 1136 2302 hac
1175 2254 1235 2302 10
1282 2253 1631 2302 merentem
1676 2249 1737 2302 B.

48 2343 99 2392 p.
159 2323 298 2375 hac:
360 2324 559 2376 uirtute
622 2325 839 2377 scilicet.
937 2328 1297 2377 merentem.
1390 2327 1738 2376 merentem

51 2397 318 2466 quomodo
359 2399 686 2467 accipimus?
724 2402 905 2451 utrum
947 2399 1261 2467 simpliciter
1298 2398 1353 2450 id
1386 2402 1468 2451 est
1501 2398 1738 2468 dignum,

169 2534 194 2572 6
227 2528 283 2572 cf.
315 2529 500 2573 Petron.
533 2534 591 2573 44
705 2535 759 2573 26
792 2529 906 2573 Aen.
943 2534 980 2584 1,
1016 2533 1114 2573 590.

172 2652 194 2689 1
229 2647 383 2690 c&eris
417 2647 479 2689 M
601 2647 823 2704 uulgant,
855 2661 913 2691 ue
943 2661 1079 2703 super
1113 2662 1140 2691 a
1171 2648 1292 2701 add„
1327 2647 1390 2690 M
1507 2646 1737 2689 archanae

52 2706 115 2748 M
292 2711 317 2748 2
358 2706 520 2749 eodem
557 2707 684 2750 tecto
723 2720 876 2750 morer
915 2709 997 2750 aut
1036 2720 1141 2750 cum
1179 2720 1282 2750 nos:
1332 2706 1431 2750 eod.
1479 2707 1736 2749 tectume‘ro

50 2766 211 2808 utcum
239 2764 314 2817 M,
347 2764 510 2808 eodem
540 2766 665 2808 tecto
698 2779 880 2809 mecum
912 2765 1006 2809 sint
1038 2766 1085 2809 et
1117 2767 1208 2820 (uel
1239 2766 1332 2809 sint
1362 2766 1461 2820 aut)
1487 2766 1540 2808 ut
1571 2778 1677 2808 cum
1709 2778 1737 2818 ς

173 2829 198 2867 3
232 2823 384 2867 0810110
406 2824 482 2878 ,Μ
585 2830 610 2867 6
634 2824 753 2880 pede
777 2825 910 2868 lanos
935 2827 985 2868 at
1008 2838 1107 2880 sup.
1140 2838 1224 2868 scr.
1260 2825 1323 2867 M
1428 2828 1450 2866 7
1485 2823 1738 2867 secundam

53 2883 115 2926 M
219 2888 274 2926 10
307 2882 497 2937 aliquod
526 2895 679 2939 poena
710 2883 906 2927 debetur
938 2899 966 2939 ς
997 2882 1145 2928 recte?
1255 2888 1308 2926 13
1334 2883 1462 2927 dicit.
1486 2884 1540 2925 111
1562 2883 1738 2925 1110111111

53 2941 118 3045 Idks
270 2943 530 2998 proposmo
572 2943 634 2985 M
799 2949 854 2987 16
887 2943 1067 2988 00111001
1098 2942 1231 2998 (0011.)
1265 2942 1358 2986 cod.
1395 2942 1534 2986 Par.:
1565 2941 1646 2985 sed
1679 2940 1742 2983 M

51 3013 70 3043 1
134 3002 205 3044 001
237 3016 266 3056 ς
