1939 3197
679 76 797 120 ODE
830 77 907 133 iv,
940 83 966 121 2
1000 79 1046 122 et
1078 83 1116 122 3.
1638 78 1740 130 125

57 215 278 266 secant
311 215 363 265 et
380 206 489 274 Ὣς
520 207 740 278 φάσαν
771 206 805 279 ἡ
838 208 1118 280 πληθύς,
1158 212 1261 266 hoc
1287 215 1382 281 est7
1408 216 1468 265 ut
1492 214 1741 266 dicebant

57 289 254 357 plures,
404 286 474 339 53
514 289 573 338 te
615 286 826 338 decem
864 287 1049 339 tauri.
1134 286 1237 339 hoc
1263 287 1344 339 'acl
1383 286 1560 340 Iulum
1600 288 1741 340 dicit.

204 361 407 414 54ssme
446 363 630 412 tener
671 361 885 413 soluet
935 362 1200 414 uitulus.
1303 362 1514 414 soluet
1561 361 1741 415 debito

57 436 260 489 scilicet
297 435 414 488 uoti
453 435 700 502 suscepti.
853 436 921 488 57
971 436 1190 489 fronte
1239 438 1542 488 curuatos
1604 437 1742 488 imi-

53 513 236 562 tatus
291 509 464 578 ignis
518 509 784 561 tertium
846 511 1037 562 lunae
1100 510 1456 563 referentis
1520 515 1786 563 ortum.5

55 584 304 652 uitulum,
344 601 449 652 quo
489 586 677 635 uotum
718 585 989 637 soluturus
1032 585 1115 652 sit,
1155 585 1283 636 dicit
1316 603 1516 637 cornua
1545 584 1743 637 habere

55 658 245 710 tertiae
301 658 460 709 lunae
508 659 893 726 comparabilia
939 659 993 710 id
1041 662 1143 710 est:
1191 659 1365 711 adhuc
1411 677 1595 727 parua.

56 732 126 784 59
175 750 298 800 qua
342 735 561 784 notam
611 733 789 784 duxit
836 734 1064 784 niueus
1112 733 1321 785 uideri
1369 735 1581 784 cetera
1619 733 1744 784 ful-

55 824 188 858 uuS.
287 805 485 858 diserta
533 809 587 858 et
635 807 852 875 elegans
901 807 1147 860 elocutio.
1243 806 1511 876 significat
1565 810 1745 859 autem

55 880 287 932 uitulum
325 880 470 932 hunc
510 880 688 932 albam
727 881 962 933 frontem
993 884 1208 933 tantum
1231 881 1445 949 habere,
1483 881 1542 932 in
1567 884 1743 933 cetero
1771 904 1812 935 10

59 972 279 1023 corpore
318 953 527 1006 fuluum
567 955 622 1006 id
663 958 744 1007 est
782 956 959 1007 rufum
993 974 1120 1007 esse.

762 1101 880 1145 ODE
914 1108 955 1157 4,
990 1108 1029 1145 3

164 1257 168 1260 Β
201 1190 400 1254 Quem
439 1196 507 1244 tu
546 1193 946 1261 Melpomene
981 1195 1174 1245 semel
1206 1197 1579 1245 nascentem
1609 1194 1745 1262 pla-

58 1267 200 1319 cido
262 1267 504 1319 lumine
566 1267 824 1319 uideris
937 1267 1039 1318 hac
1093 1262 1210 1339 ᾠδῇ
1267 1268 1513 1320 adfirmat
1568 1267 1744 1320 studio

60 1342 300 1410 poeticae
341 1341 579 1393 deditum
615 1341 750 1393 nulli
790 1359 946 1410 posse
987 1342 1077 1393 alii
1125 1343 1203 1394 rei
1255 1360 1461 1394 uacare.
1556 1341 1746 1394 deinde
1773 1362 1814 1395 15

60 1416 282 1468 deorum
315 1416 593 1485 subiungit
623 1416 822 1467 laudes.
923 1416 956 1468 5
1006 1435 1193 1468 curru
1227 1417 1415 1468 ducet
1462 1415 1747 1468 Achaico

58 1490 114 1541 id
166 1493 267 1542 est:
319 1489 620 1557 quadrigali
669 1490 971 1542 certamine.
1135 1491 1169 1543 6
1216 1489 1426 1542 Deliis
1466 1489 1648 1542 foliis
1695 1490 1750 1541 id

59 1567 164 1616 est:
219 1565 402 1616 laurea
457 1581 670 1616 corona.
826 1565 893 1616 10
943 1565 1049 1616 sed
1097 1583 1253 1634 quae
1302 1565 1499 1617 Tibur
1548 1582 1749 1633 aquae

57 1638 286 1690 fertile
325 1638 719 1706 praefluunt.
781 1639 995 1708 proprie
1034 1639 1138 1691 hoc
1178 1639 1245 1690 ad
1286 1657 1554 1691 secessum
1594 1657 1750 1690 suum

59 1711 296 1764 referens
338 1712 466 1768 dicit
503 1711 780 1766 Horatius.
843 1713 1029 1765 Tiburi
1069 1714 1213 1765 enim
1245 1714 1357 1766 fere
1392 1714 1560 1766 otium
1594 1731 1750 1765 suum
1774 1733 1816 1764 20

60 1787 374 1840 conterebat
446 1787 628 1855 ibique
704 1788 941 1839 carmina
1019 1788 1406 1840 conscribebat.
1518 1786 1748 1839 Aeolio

61 1861 346 1913 carmine
373 1863 553 1913 autem
575 1861 653 1913 ita
678 1861 880 1914 dictum
904 1862 1099 1930 accipe,
1138 1865 1199 1914 ut
1239 1862 1284 1914 si
1323 1862 1523 1914 diceret
1562 1860 1748 1929 elyrico

59 1934 333 2002 carmine'‚
373 1936 498 2003 quia
537 1935 755 2004 quidam
793 1937 950 2004 lyrici
983 1940 1043 1988 ut
1066 1935 1296 1988 Alcaeus
1322 1935 1544 1988 Aeolide
1577 1936 1749 2003 magis

60 2010 289 2061 dialecto
330 2010 414 2060 usi
454 2012 594 2061 sunt.
752 2011 817 2062 13
858 2010 1094 2062 Romae
1141 2010 1458 2078 principis
1497 2009 1751 2061 urbium

61 2083 374 2151 dignatur
414 2083 676 2135 suboles
715 2084 886 2135 inter
919 2084 1225 2136 amabiles
1258 2087 1477 2135 uatum
1507 2101 1748 2151 ponere
1774 2103 1816 2135 25

61 2175 154 2208 me
195 2156 440 2208 choros,
529 2157 769 2209 subolem
808 2158 1065 2226 principis
1105 2158 1319 2210 urbium
1350 2157 1592 2209 Nerones
1632 2158 1752 2208 uult

63 2231 327 2299 intellegi,
384 2248 516 2298 quos
570 2230 850 2300 Augustus
905 2232 1186 2301 priuignos
1242 2232 1442 2300 alioqui
1503 2234 1564 2283 ut
1625 2248 1750 2282 suos

61 2306 182 2357 loco
222 2305 456 2357 filiorum
496 2304 769 2375 diligebat.
924 2307 990 2358 16
1041 2310 1102 2358 et
1147 2307 1269 2358 iam
1317 2306 1504 2358 dente
1544 2306 1751 2357 minus

62 2379 356 2432 mordeor
395 2379 635 2432 inuid‘o.
697 2380 800 2432 hoc
840 2381 1083 2450 intellegi
1122 2381 1240 2432 uult
1279 2380 1343 2432 de
1384 2398 1457 2449 se,
1494 2380 1636 2448 quod
1677 2379 1752 2430 ait

60 2452 444 2506 Sallustius:
485 2452 709 2506 Gloria
748 2455 1063 2506 inuidiam
1101 2455 1340 2507 uicisti.
1480 2455 1544 2507 17
1590 2472 1619 2506 o
1659 2456 1749 2505 te-
1776 2472 1818 2504 30

185 2619 241 2658 30
272 2615 369 2672 lug.
405 2621 473 2670 10,
506 2620 531 2658 2

186 2768 210 2806 2
243 2762 373 2806 ulum
406 2763 468 2806 M
629 2768 657 2806 4
687 2764 849 2808 fronde
883 2765 1102 2808 curuatus
1138 2800 1145 2807 .
1181 2799 1191 2808 .
1224 2764 1415 2807 testium
1445 2762 1663 2805 lucernae
1697 2797 1706 2805 .
1741 2796 1753 2807 .

59 2836 224 2866 -orcum
260 2822 322 2865 M
437 2823 771 2878 comporabssia
804 2824 866 2866 M
993 2828 1046 2866 10
1080 2823 1234 2867 c&eris
1269 2823 1331 2865 M
1464 2826 1515 2865 11
1550 2819 1754 2864 rumfum

68 2882 132 2927 M
266 2887 318 2925 14
352 2896 538 2926 numme
573 2882 635 2924 M
753 2882 958 2926 studium
992 2883 1054 2925 M
1174 2888 1226 2925 19
1259 2894 1475 2938 propnae
1507 2885 1548 2924 et
1579 2893 1754 2924 saeces·

58 2955 168 2984 sum
202 2942 264 2984 M
353 2947 406 2984 21
441 2941 712 2985 conterebat
740 2956 844 2985 nos:
876 2942 1145 2985 conferebat
1177 2941 1239 2985 M
1335 2945 1390 2983 23
1424 2940 1579 2984 alceus
1612 2940 1753 2984 aeoh-

60 3000 154 3044 dae
188 3001 252 3043 M
353 3006 407 3045 26
440 3014 659 3045 neronem
685 3002 747 3044 M
859 3007 911 3044 27
947 3002 1134 3056 augusti
1168 3000 1231 3043 M
1347 2999 1556 3056 alioquin
1587 3013 1694 3043 suos
1727 3013 1755 3053 ς
