1939 3197
659 57 911 103 EPODON
945 63 970 103 5
1003 60 1051 103 et
1082 64 1121 103 6.
1641 58 1743 111 155

54 214 264 248 uenena
319 199 446 248 sunt
508 195 552 247 si
612 194 859 246 hostibus
915 194 1129 261 dentur,
1190 211 1448 263 magnum
1498 194 1651 245 nefas
1699 195 1744 249 si

56 271 257 322 amicis,
371 270 438 322 87
502 287 630 321 non
690 269 915 320 ualent
977 271 1358 320 conuertere
1408 267 1744 320 humanam

54 345 271 396 uicem.
350 361 537 394 sensus
578 345 679 394 est:
721 342 966 410 quamuis
1006 359 1215 393 uenena
1253 342 1483 393 multum
1522 342 1744 410 possint,

54 435 168 470 non
220 420 401 468 tamen
452 417 638 469 ualent
690 416 882 467 merita
931 416 988 466 in
1040 415 1369 467 contrarium
1407 417 1638 483 uertere,
1686 418 1746 467 ut

53 491 349 542 liberentur
402 508 599 559 poena,
656 489 747 558 qui
800 490 937 540 male
985 492 1304 541 mereantur.
1380 489 1525 541 uices
1566 491 1788 540 autemf,

56 565 396 633 appellantur
434 582 662 633 poenae,
726 581 860 631 quae
899 563 957 614 in
997 563 1271 616 scelerosis
1313 562 1558 614 admissis
1596 580 1745 632 rege-

54 641 260 691 runtur.
375 638 443 691 89
498 638 654 690 diris
707 654 885 706 agam
939 655 1069 689 uos.
1148 637 1314 705 dirae,
1367 640 1428 688 ut
1468 636 1591 705 dixi,
1631 654 1744 688 exe-

56 713 322 764 crationes
379 712 630 764 dicuntur
684 729 745 762 ac
801 711 1183 763 detestationes
1240 729 1401 762 saeua
1446 710 1745 763 maledicta.

56 803 238 856 agam
286 789 464 837 autem
503 803 647 837 nunc
697 783 1037 853 ‘persequar'
1080 784 1362 853 significat.
1498 784 1566 835 97
1631 802 1744 836 uos

54 860 244 911 turba
304 859 568 911 uicatim
621 859 769 910 hinc
825 861 884 909 et
929 858 1080 909 hinc
1122 858 1291 909 saxis
1332 860 1558 926 petens
1600 872 1811 909 con-10

55 934 285 986 tundet
324 933 636 985 obscenas
677 951 848 984 anus
926 933 1215 1001 eleganter,
1256 932 1378 1000 quia
1420 931 1641 983 insanos
1667 950 1748 983 so-

54 1008 169 1059 lent
206 1007 440 1059 fustibus
480 1010 534 1059 et
570 1006 838 1075 lapidibus
877 1006 1154 1073 insectari,
1200 1008 1261 1058 ut
1300 1023 1390 1058 eos
1432 1024 1463 1057 a
1502 1005 1748 1057 domibus

57 1081 166 1133 suis
205 1081 412 1150 fugent.
552 1081 657 1133 100
720 1083 779 1131 et
832 1079 1178 1148 Equilinae
1243 1079 1448 1131 alites.
1528 1082 1580 1131 et
1620 1079 1747 1130 alibi

58 1173 215 1223 saepe
272 1154 529 1222 ostendit,
589 1154 648 1205 in
697 1154 916 1223 regione
969 1155 1204 1222 aggeriS,
1275 1171 1408 1222 quae
1465 1155 1546 1204 est
1600 1155 1748 1204 extra

55 1233 268 1298 portam
322 1228 682 1297 Esquilinam,
754 1228 910 1280 solita
963 1227 1128 1279 fuisse
1178 1245 1475 1296 pauperum
1523 1244 1748 1294 corpora
1772 1240 1813 1272 15

56 1303 143 1355 uel
184 1303 408 1355 conburi
446 1303 533 1354 uel
571 1302 755 1371 proici.
874 1302 975 1353 101
1032 1320 1234 1370 neque
1281 1301 1398 1353 hoc
1443 1303 1746 1368 parentes

56 1377 177 1428 heu
238 1376 393 1428 mihi
457 1376 847 1444 superstites
911 1375 1223 1444 effugerit
1293 1374 1748 1442 spectaculum.

58 1450 483 1502 subaudiendum
521 1450 609 1501 hic
650 1450 977 1501 extrinsecus
1041 1448 1211 1501 cuos'.
1288 1452 1340 1500 et
1397 1451 1478 1500 est
1525 1448 1653 1500 ordo
1695 1451 1748 1499 et

59 1542 247 1576 sensus
286 1524 431 1576 talis:
493 1542 667 1592 neque
706 1523 810 1575 1100
858 1524 1222 1590 spectaculum
1271 1522 1518 1590 effugerit
1555 1539 1676 1590 uOS,
1717 1540 1747 1573 o

56 1601 307 1666 parentes
358 1597 492 1649 mihi
539 1597 867 1666 superstites
946 1599 998 1648 et
1052 1597 1187 1648 bene
1244 1595 1505 1665 ἐμπαθῶς
1557 1596 1612 1647 1(1
1667 1597 1749 1647 est
1772 1608 1815 1641 20

60 1672 302 1724 dolenter
355 1671 505 1723 iuxta
558 1674 845 1740 parentum
901 1671 1465 1724 commemorationem
1520 1669 1749 1738 gemitus

58 1746 291 1797 insertus
332 1748 433 1797 est:
472 1745 593 1797 heu.

593 1904 844 1948 EPODON
877 1904 1133 1948 CARMEN
1169 1909 1207 1948 6.

210 1995 373 2057 Quid
411 1996 804 2048 inmerentes
851 1995 1146 2063 hospites
1192 2011 1384 2045 uexas
1425 1993 1616 2046 canis.
1694 1994 1752 2045 in

60 2069 162 2121 hac
201 2070 388 2138 ecloga
422 2069 737 2138 allegoricos
777 2069 990 2120 uidetur
1028 2068 1176 2136 loqui
1217 2067 1284 2118 ad
1310 2085 1445 2135 eum,
1485 2068 1589 2135 qui,
1630 2085 1751 2119 cum
1774 2082 1817 2116 2⁵

62 2143 359 2195 dicacitatis
401 2143 755 2194 amaritudine
798 2145 1090 2194 sectaretur
1130 2141 1337 2210 quietos
1379 2141 1618 2209 alioquin
1656 2141 1751 2193 110-

61 2217 248 2285 mines,
286 2217 344 2268 in
384 2235 445 2269 eo
480 2216 582 2268 sibi
615 2216 841 2285 gloriam
868 2216 1181 2285 adsignarit,
1220 2215 1363 2283 quod
1400 2215 1478 2266 illi
1505 2215 1752 2267 cedentes

64 2290 112 2342 ei
135 2290 446 2343 uiderentur
478 2309 589 2343 non
615 2290 855 2342 sufficere
883 2290 1220 2358 respondere.
1343 2289 1375 2341 6
1418 2289 1617 2341 amica
1656 2289 1751 2341 uis

60 2365 453 2433 pastoribus
532 2364 733 2416 amica
756 2382 902 2416 nunc
926 2382 1025 2432 pro
1050 2364 1170 2416 utili
1196 2363 1402 2415 dicitur.
1512 2364 1540 2414 7
1571 2379 1751 2431 agam

62 2456 174 2506 per
250 2439 418 2491 altas
498 2456 645 2490 aure
724 2438 982 2497 sub-lata
1058 2438 1239 2489 niues
1320 2453 1816 2505 quaecumqueao
1903 2474 1910 2479 .

184 2588 209 2626 6
242 2583 506 2639 apellantur
539 2584 602 2626 M
748 2583 939 2627 adm1s1s
974 2584 1036 2626 M
1186 2588 1210 2626 8
1244 2583 1572 2626 d&estaclones
1606 2581 1669 2623 Μ

68 2647 121 2685 10
155 2642 410 2685 contundat
443 2642 505 2685 M
639 2647 691 2685 11
727 2643 970 2699 elegantur
1003 2678 1011 2686 .
1048 2678 1055 2686 .
1092 2642 1219 2686 olent
1251 2642 1315 2684 M
1450 2645 1501 2683 13
1543 2639 1752 2696 escylene

66 2701 130 2743 M
249 2706 302 2744 15
334 2703 492 2757 portas
525 2702 595 2745 est
627 2702 817 2758 cylynas
853 2702 914 2744 M
950 2701 1007 2755 cf.
1042 2702 1102 2745 acl
1134 2701 1254 2756 Epo.
1288 2704 1361 2753 17,
1395 2703 1468 2743 58.
1503 2702 1662 2742 contra
1693 2698 1754 2743 ad

63 2759 163 2803 Sat.
196 2764 239 2813 1,
273 2765 317 2813 8,
348 2765 390 2804 1.
501 2765 554 2804 18
586 2761 727 2804 uerba
759 2760 1129 2804 subaudiendum
1162 2796 1171 2803 .
1207 2795 1216 2803 .
1251 2758 1568 2815 spectaculum
1601 2756 1755 2801 effutit

63 2832 148 2862 uos
178 2833 234 2862 m.
267 2824 308 2862 1.
341 2819 394 2863 in
432 2819 526 2862 ima
556 2821 816 2875 pa9.'add.
848 2821 901 2863 iaz
929 2820 1033 2875 ipsa
1075 2820 1285 2863 columna
1331 2818 1494 2873 leyitur
1516 2837 1520 2839 ’
1541 2816 1755 2871 effugerit

63 2891 148 2922 uos
183 2878 245 2921 M
331 2900 334 2901 ⁷
361 2883 418 2922 20
451 2891 521 2922 en.
555 2875 646 2926 Δὸ.
681 2879 800 2925 Θω(
834 2879 896 2921 Μ
999 2883 1054 2922 22
1087 2879 1313 2922 insertum
1347 2876 1410 2919 M
1504 2880 1560 2919 25
1586 2876 1754 2932 egloga

66 2936 132 2979 M
248 2942 303 2981 26
334 2937 638 2981 insectaretur
670 2953 698 2992 ς
820 2942 874 2981 27
901 2938 1159 2995 adfflgnarit
1191 2938 1268 2993 (rit
1297 2937 1350 2980 in
1380 2948 1472 2979 ras.
1505 2949 1561 2978 m.
1594 2938 1662 2990 2.)
1695 2934 1758 2980 M

187 3001 243 3040 28
274 2996 591 3053 respondendo
624 3011 652 3052 ς
