1939 3197
219 92 252 144 6
860 89 980 134 ODE
1012 90 1047 145 1,
1081 93 1106 132 2
1140 89 1188 133 et
1219 93 1260 132 3.

216 228 375 295 xisse‚
407 226 549 296 quod
579 243 771 294 passus
806 225 877 277 sit
907 242 999 276 606
1031 224 1173 277 bello
1206 224 1351 276 ciuili
1381 224 1599 277 uastari.
1677 224 1745 276 37
1786 223 1908 277 heu

217 301 407 354 nimis
455 301 647 370 longo
697 317 734 351 6.
775 299 829 351 1.;
885 298 1033 350 ludo
1080 298 1219 351 belle
1256 316 1379 367 pro:
1426 298 1592 366 10611ος
1638 297 1727 350 1116
1766 298 1910 350 enim

217 375 431 428 uidetur
477 375 628 427 lusus
670 391 785 425 esse
823 371 1030 425 Martis,
1145 372 1216 424 39
1265 390 1406 425 acer
1454 375 1515 424 et
1551 371 1759 424 Mauri
1803 389 1911 440 pe-

219 449 374 502 ditis
423 451 755 502 cruentum
795 465 843 515 q.
882 446 915 498 i.
954 445 1005 497 h.
1067 444 1273 498 Mauri
1317 464 1416 515 pro
1465 446 1614 499 cuius
1653 446 1787 498 libet
1825 464 1908 498 66-

173 536 193 569 5
218 523 333 591 cipe
378 522 664 575 bellicosae
711 521 911 591 gentis3
969 519 1199 589 speeiem
1246 521 1389 572 enim
1434 538 1533 588 pro
1585 536 1777 589 genere
1815 538 1909 587 po-

218 597 339 649 suit.
438 597 506 649 41
551 595 685 651 siue
724 596 970 648 mutata
1015 594 1307 646 iuuenem
1353 593 1584 663 figura.
1662 593 1911 646 adulatur

217 669 490 741 Augusto,
528 669 854 724 Mercurium
894 687 1015 721 eum
1056 668 1236 720 dicens
1278 685 1409 720 esse.
1507 667 1580 720 45
1621 685 1798 720 serus
1844 668 1910 720 in

218 745 462 798 caelum
514 763 555 797 r.
608 744 844 796 suauiter
899 745 1052 810 optat
1096 741 1347 812 Augusto
1405 742 1770 807 [mercurium]
1781 784 1794 809 ,
1848 744 1910 794 ut

218 819 308 870 diu
346 819 512 871 uiuat.
611 818 680 870 47
722 835 883 869 neue
922 819 983 868 te
1023 816 1268 868 nostris
1308 816 1493 868 uitiis
1532 816 1822 884 iniquum
1862 833 1909 868 0.

151 907 193 939 10
219 911 263 945 a.
302 895 340 945 t.
415 892 550 945 bene
587 892 721 944 haec
761 891 1025 958 dicuntur,
1066 890 1191 959 quia
1230 889 1296 942 ad
1334 888 1660 942 Mercurium
1698 889 1910 942 uidetur

215 967 386 1036 loqui,
435 967 527 1036 qui
572 966 789 1018 uolucer
828 965 957 1018 deus
998 967 1094 1017 est.
1174 964 1333 1016 simul
1373 964 1647 1034 eleganter
1685 966 1740 1016 et
1776 963 1909 1015 illud

218 1041 432 1110 oblique
474 1042 640 1109 optat,
678 1042 740 1091 ut
769 1042 894 1107 post
926 1056 1200 1091 excessum
1231 1037 1513 1108 Augustus
1545 1038 1700 1090 diuus
1731 1037 1908 1090 factus

215 1115 505 1183 recipiatur
551 1115 609 1166 in
656 1114 876 1166 eaelum.
990 1113 1060 1165 47
1109 1112 1355 1164 nostris
1409 1112 1594 1165 uitiis
1633 1112 1666 1164 i.
1727 1113 1910 1163 utrum

217 1188 284 1241 ad
322 1189 465 1241 bella
504 1188 683 1241 ciuilia
720 1187 955 1239 referens
997 1187 1072 1238 ait
1080 1229 1094 1254 ,
1142 1204 1211 1238 an
1258 1186 1420 1238 latius
1470 1189 1522 1238 et
1559 1186 1663 1239 1106
1703 1185 1908 1237 intelle-

151 1276 194 1309 15
219 1262 412 1331 getur‘?
526 1262 597 1314 48
648 1262 825 1315 ocior
873 1278 1025 1313 aura
1062 1260 1270 1313 tollat.
1346 1278 1444 1328 pro
1487 1260 1660 1312 ‘ocius
1699 1259 1909 1328 tollat'3

218 1336 399 1404 σχῆμα
438 1330 742 1403 ὑπαλλαγή.

931 1450 1049 1495 ODE
1085 1456 1124 1505 1,
1157 1455 1198 1493 3.

368 1540 469 1595 Sic
506 1544 568 1593 te
609 1542 756 1593 diua
794 1544 1024 1610 potens
1065 1539 1274 1610 Cypri.
1331 1540 1398 1592 ad
1429 1558 1625 1592 nauem
1671 1540 1911 1610 loquitur

219 1635 324 1686 qua
361 1615 634 1685 Uergilius
673 1614 918 1668 Athenas
956 1615 1200 1684 petierat,
1247 1614 1477 1666 adorans
1518 1632 1651 1682 eam,
1689 1616 1751 1667 ut
1789 1631 1911 1667 eum

150 1706 194 1739 20
218 1690 543 1743 incolumem
566 1689 813 1758 perferat.
892 1691 926 1742 2
969 1690 1060 1742 616
1099 1689 1337 1741 fratres
1376 1687 1659 1740 Helenae
1697 1687 1911 1740 lucida

220 1764 444 1817 sidera.
508 1764 688 1832 σχῆμα
722 1760 1056 1833 ἐπεξήγησις,
1089 1764 1216 1832 quia
1244 1763 1439 1815 fratres
1463 1761 1702 1815 Helenae
1733 1760 1911 1814 lucida

223 1838 398 1891 sidera
452 1840 599 1906 sunt,
652 1840 713 1889 ut
758 1836 1114 1907 Uergilius:
1176 1836 1555 1906 Effugimus
1611 1835 1910 1904 scopulos

216 1912 482 1965 Ithacae
536 1910 795 1964 Laertia
846 1929 1060 1981 regna.
1145 1913 1359 1963 constat
1414 1913 1593 1962 autem
1646 1909 1909 1978 hodieque

217 1986 356 2038 inter
418 1988 613 2038 nautas
669 1983 908 2038 Castoris
963 1988 1017 2038 et
1068 1984 1303 2037 Pollucis
1359 1985 1544 2037 stellas
1596 1983 1911 2052 plerumque

151 2076 194 2108 25
216 2061 447 2113 nauibus
486 2059 801 2112 manifestas
841 2077 970 2112 esse.
1076 2060 1112 2111 4
1150 2058 1380 2126 Iapyya:
1434 2058 1605 2126 Iapyx
1643 2059 1837 2110 uentus
1879 2074 1912 2108 a

217 2134 436 2203 regione
483 2133 624 2185 unde
669 2133 766 2186 flat
811 2132 1018 2186 dieitur.
1095 2132 1323 2202 Iapygia
1377 2134 1556 2183 autem
1611 2133 1721 2198 est,
1776 2147 1912 2200 quae

217 2225 362 2260 nunc
384 2207 584 2276 Apulia
616 2207 930 2276 appellatur.
993 2207 1069 2260 616
1101 2224 1230 2276 ergo
1271 2206 1470 2275 optime
1508 2205 1611 2259 1106
1648 2207 1808 2257 uento
1848 2221 1912 2256 ex

217 2280 379 2333 Italia
423 2280 667 2333 Athenas
715 2281 1026 2350 nauigatur,
1073 2283 1127 2332 et
1171 2280 1369 2332 idcirco
1426 2282 1598 2348 optat,
1659 2296 1727 2329 ne
1774 2278 1910 2330 alius

218 2354 312 2407 flet
358 2373 521 2424 quam
566 2354 680 2422 ipse
727 2355 1009 2423 nauiganti
1048 2353 1304 2423 Uergilio,
1419 2353 1453 2405 5
1501 2370 1658 2421 quae
1708 2351 1831 2404 tibi
1869 2369 1912 2403 c.

339 2520 394 2559 22
426 2516 540 2559 Aen.
574 2520 615 2569 3,
650 2519 734 2559 272

338 2652 364 2691 2
396 2647 517 2692 uelle
551 2647 614 2690 M
732 2652 757 2690 3
789 2645 927 2690 ludus
960 2661 989 2702 ς
1113 2649 1165 2689 12
1200 2645 1333 2690 obtat
1367 2645 1429 2688 M
1556 2649 1611 2688 14
1642 2657 1700 2688 ex
1729 2642 1818 2687 hoc
1850 2640 1916 2686 M

337 2706 630 2762 intellegitur
662 2721 691 2762 ς
814 2710 868 2748 15
901 2718 1059 2750 061016
1092 2705 1155 2748 M
1287 2709 1344 2748 20
1374 2703 1641 2748 incolumen
1665 2702 1728 2746 M
1852 2706 1906 2744 21

221 2765 557 2810 ΕΦΕΞΗΓΗΕΙΕ
589 2765 651 2809 M
829 2769 885 2808 22
917 2766 972 2808 ut
1008 2799 1017 2808 .
1046 2799 1055 2807 .
1088 2766 1153 2808 23
1183 2776 1350 2820 regna,
1392 2776 1506 2819 quae
1543 2764 1597 2806 in
1625 2761 1675 2805 M
1706 2763 1813 2816 post
1843 2763 1910 2804 25

220 2836 319 2868 esse
353 2825 580 2880 Zeywntur,
610 2823 878 2879 tramsposui
1013 2827 1068 2867 23
1100 2822 1203 2866 itha
1234 2822 1457 2866 caelestia
1489 2822 1553 2865 M
1676 2824 1731 2863 25
1762 2818 1909 2863 mani-

218 2881 364 2926 festas
394 2896 499 2927 nos.-
530 2882 725 2928 mfestas
758 2882 822 2926 M
937 2882 1118 2938 Iapyga
1147 2894 1232 2925 om.
1265 2886 1306 2925 et
1336 2881 1470 2937 Iapix
1503 2880 1567 2923 M
1680 2879 1849 2922 uentus
1880 2889 1911 2920 a

219 2954 325 2985 snos:
355 2944 553 2986 uentosa
585 2942 649 2985 M
764 2945 821 2985 27
854 2954 920 2985 616
946 2941 1027 2984 M:
1059 2940 1176 2984 dicit
1207 2955 1236 2995 ς
1358 2941 1536 2997 optimo
1562 2938 1625 2982 M
1742 2941 1798 2981 28
1829 2949 1910 2980 na-

220 3000 410 3056 uigatur
440 3014 543 3044 ⁹208:
575 3014 793 3057 nauigari
826 3000 889 3044 M
1749 3030 1757 3034 ν
