1939 3197
95 939 137 970 10

92 1314 134 1345 15

90 1685 133 1716 20

89 2061 132 2094 25

89 2434 132 2466 30

171 103 274 156 126
786 101 907 148 ODE
941 104 1019 160 IV,
1053 109 1078 147 3
1113 103 1161 148 et
1191 107 1231 146 4.

166 241 448 294 studinis
501 258 734 292 aureae
784 241 1029 292 dulcem
1079 257 1230 307 quae
1277 239 1626 308 strepitum
1685 238 1860 294 Pieri

162 318 506 384 temperas:
549 333 578 367 o
620 315 778 383 Pieri,
817 333 954 383 quae
995 314 1203 367 dulcem
1245 314 1529 383 strepitum
1571 315 1860 368 testudinis

162 393 447 459 temperas.
600 390 670 441 23
727 389 1052 442 Romanae
1100 388 1343 441 fidicen
1397 389 1575 457 lyrae
1638 388 1693 440 id
1751 392 1856 442 est:

162 464 364 534 lyricus
404 466 581 532 poeta.
735 464 807 516 24
847 464 899 516 si
938 464 1176 532 placeo
1255 461 1503 524 ἐπιεικῶς
1543 463 1594 515 31
1632 464 1858 532 placeo

164 539 369 607 intulit,
417 541 470 590 61
519 537 947 590 subaudiendum
1003 539 1332 590 extrinsecus
1389 536 1609 589 ‘tamen'
1614 579 1626 603 ,
1675 540 1736 589 ut
1788 539 1860 590 sit

166 613 230 666 ‘si
269 615 453 665 tamen
491 612 698 681 placeo'
703 655 713 665 .

881 683 998 728 ODE
1032 690 1073 739 4,
1108 689 1148 728 4.

311 776 460 829 Haec
523 772 639 849 ςόὃὴ
705 777 771 828 ad
826 775 1078 829 Drusum.
1172 776 1424 844 qualem
1486 774 1859 827 ministrum

160 851 457 904 fulminis
522 852 756 904 alitem.
818 851 950 904 haec
999 854 1080 902 est
1120 851 1322 920 ecloga,
1345 853 1568 919 propter
1596 868 1772 918 quam,
1796 852 1858 902 ut
1935 896 1939 899 ,

163 944 325 997 supra
387 926 743 994 ostendimUS,
805 927 953 978 totus
1015 925 1104 977 hic
1166 925 1302 977 liber
1376 925 1689 993 conpositus
1760 926 1855 977 est.
1925 959 1928 962 -

162 1001 363 1070 scripta
410 1004 491 1053 est
540 1018 668 1070 ergo
715 1001 774 1052 in
820 998 1093 1052 Neronem
1141 998 1380 1051 Drusum
1433 999 1748 1069 priuignum
1803 1001 1858 1051 61
1930 1035 1931 1038 ¹

162 1093 522 1128 successorem
547 1074 799 1144 Augusti,
838 1075 930 1143 qui
961 1073 1163 1127 Raetos
1188 1073 1500 1126 Uindelicos
1531 1073 1673 1126 bello
1706 1073 1855 1125 uicit.

161 1149 225 1201 de
264 1150 488 1218 imperio
531 1152 711 1202 autem
751 1149 1009 1218 principis
1048 1149 1208 1201 huius
1250 1148 1517 1217 duplicem
1547 1147 1681 1200 facit
1712 1165 1855 1200 com-

158 1225 512 1292 parationem.
574 1242 702 1275 nam
739 1221 979 1276 Drusum
1020 1223 1096 1275 ait
1132 1225 1287 1275 tanto
1329 1222 1516 1292 uigore
1553 1224 1715 1291 atque
1754 1222 1854 1274 im-

158 1301 288 1368 petu
341 1298 525 1351 hostes
580 1297 892 1351 Uindelicos
947 1297 1236 1366 inuasisse,
1299 1300 1503 1365 quanta
1563 1297 1619 1348 ui
1683 1296 1854 1349 soleat
1927 1295 1937 1317 ³

159 1374 340 1443 aquila
378 1374 436 1425 in
473 1373 721 1442 rapinam
759 1373 987 1441 inruere,
1026 1372 1260 1440 primum
1301 1372 1484 1424 ouium
1517 1390 1640 1424 mox
1674 1389 1850 1424 corro-

157 1449 350 1502 borato
399 1448 585 1517 uigore
638 1447 801 1499 etiam
856 1447 1174 1514 draconum,
1231 1447 1378 1514 ipsos
1435 1449 1621 1502 61116111,
1668 1445 1852 1498 1103163

156 1524 235 1576 116
274 1522 596 1575 conterritos
638 1540 753 1574 esse
792 1522 849 1574 ui
879 1521 1250 1590 belligerantis
1281 1519 1462 1590 Drusi,
1500 1523 1562 1572 ut
1605 1538 1853 1588 capream

157 1598 279 1650 uisu
317 1598 490 1650 leonis
530 1596 589 1647 in
629 1614 683 1648 se
723 1596 1005 1648 inruentis.
1124 1596 1191 1648 18
1244 1595 1476 1664 quibus
1517 1613 1648 1647 mos
1687 1594 1853 1646 unde

160 1672 473 1725 deductus
528 1689 639 1739 per
694 1688 874 1723 omne
928 1673 1180 1739 tenipus
1244 1670 1577 1723 amazonia
1640 1669 1852 1721 securi

159 1747 418 1799 dextras
468 1746 755 1798 obarinet
803 1763 1111 1813 quaerere
1164 1745 1406 1797 distuli.
1482 1744 1541 1796 hi
1580 1742 1848 1796 Uindelici

159 1821 374 1874 sedibus
415 1820 481 1871 ab
506 1819 874 1871 Amazonibus
909 1820 1064 1872 eiecti
1098 1822 1152 1871 61
1185 1838 1248 1871 ex
1283 1819 1513 1872 Thracia
1544 1819 1601 1870 in
1635 1818 1852 1870 exilium

158 1915 213 1948 se
262 1895 555 1949 contulisse
610 1893 936 1962 Alpiumque
990 1895 1110 1947 loca
1163 1894 1424 1946 insedisse
1480 1894 1730 1945 dicuntur
1784 1895 1852 1961 et,

158 1970 301 2039 quod
347 1968 725 2038 potentissima
770 1968 829 2019 in
878 1986 932 2020 se
979 1969 1089 2020 tela
1137 1986 1346 2021 secures
1386 1967 1724 2020 Amazonum
1765 1985 1850 2018 ex-

156 2044 297 2114 perti
349 2043 601 2111 fuissent,
656 2042 801 2111 ipsos
858 2060 1067 2110 quoque
1124 2061 1282 2095 usum
1345 2061 1527 2094 earum
1587 2042 1646 2093 in
1707 2041 1849 2094 bello

158 2118 439 2188 accepisse.
592 2118 662 2169 22
710 2135 823 2169 1166
877 2117 1041 2169 36116
1081 2117 1180 2169 fas
1222 2120 1320 2169 631
1360 2117 1583 2170 01111116.
1662 2133 1847 2167 36113113

158 2197 262 2246 est:
316 2193 399 2245 fas
455 2195 536 2244 est
590 2210 703 2244 non
759 2191 940 2244 omnia
996 2191 1151 2260 scire,
1205 2192 1260 2243 id
1316 2196 1419 2244 est:
1474 2191 1600 2243 licet
1647 2189 1849 2258 aliquid

156 2268 421 2337 ignorare.
572 2267 645 2318 24
694 2266 997 2318 consiliis
1048 2265 1301 2318 iuuenis
1356 2282 1707 2334 repressae.
1785 2281 1847 2316 60

156 2342 407 2410 pertinet,
446 2341 588 2408 quod
629 2339 755 2391 ‘late
794 2339 1061 2393 uictrices'
1102 2340 1323 2392 dixerat.
1437 2340 1508 2392 25
1557 2338 1707 2407 quid
1754 2338 1848 2389 in—

157 2416 335 2469 doles
382 2415 634 2466 nutrita
688 2415 928 2466 faustis
985 2414 1096 2467 sub
1151 2413 1623 2482 penetralibus,
1723 2413 1849 2481 quia

155 2509 266 2543 non
318 2491 500 2558 potest
544 2487 783 2541 Drusum
829 2489 1046 2541 laudare
1093 2506 1235 2540 nunc
1282 2490 1342 2540 ut
1391 2488 1559 2540 filium
1600 2486 1848 2556 Augusti,

157 2565 255 2631 [61]
297 2564 364 2615 ab
397 2581 459 2615 60
501 2562 784 2614 educatum
822 2563 1234 2630 institutumque
1284 2562 1427 2615 dicit.
1578 2562 1647 2613 27
1698 2560 1846 2630 quid

155 2637 439 2708 Augusti
485 2639 794 2705 paternus
842 2638 907 2689 in
954 2655 1189 2706 pueros
1239 2637 1492 2689 animus
1539 2634 1846 2688 Nerones

275 2805 299 2843 2
341 2813 366 2842 0
399 2799 523 2842 Ρ1611
563 2799 884 2854 ..temperas
924 2799 976 2841 in
1006 2812 1149 2855 1116119.
1182 2812 1238 2844 m
1272 2802 1319 2844 2.
1354 2798 1459 2842 add
1492 2798 1545 2840 in
1577 2796 1640 2840 M
1817 2801 1844 2839 4

155 2873 311 2917 epicos
345 2859 408 2901 M
525 2861 550 2901 9
585 2857 754 2924 egloga
788 2858 850 2900 M
955 2863 1006 2901 11
1043 2858 1217 2902 scribta
1325 2863 1378 2902 12
1411 2856 1568 2901 rethos
1599 2854 1844 2899 uindehcis

155 2954 164 2962 .
193 2954 201 2962 .
235 2931 351 2961 111613
386 2917 448 2960 Μ
546 2921 599 2961 18
631 2916 680 2960 111
712 2929 862 2960 comm.
897 2917 1059 2974 Oruq..
1090 2917 1147 2960 de
1178 2917 1241 2960 M
1337 2923 1390 2960 21
1426 2916 1590 2960 dextra
1620 2914 1845 2959 subarm&

156 2977 218 3021 M
335 2982 392 3020 24
423 2977 800 3034 potentlsfflmum
833 2977 896 3019 M
1021 2978 1234 3032 expertes
1268 2978 1330 3020 M
1455 2980 1511 3019 25
1542 2974 1664 3032 ipsi?
1787 2978 1843 3017 26

152 3050 328 3081 nescire
362 3037 424 3079 M
543 3040 599 3080 28
631 3049 869 3092 repraesse
903 3036 967 3079 M
1085 3041 1140 3080 33
1174 3049 1359 3081 neronis
1392 3036 1455 3079 M
