1939 3197
642 83 846 129 SERMO
880 85 936 140 Π,
973 92 1012 142 1,
1049 91 1203 131 1—16.
1652 92 1760 144 243

491 322 929 384 SERMONUM
976 326 1214 386 LIBER
1261 328 1335 386 II.

222 450 382 505 Sunt
437 455 666 522 quibus
713 456 776 507 in
825 459 1046 509 satura
1092 458 1313 510 uidear
1359 460 1549 511 nimis
1602 479 1757 515 acer.

73 524 235 592 [Qffi]
290 526 390 580 hos
442 528 574 580 duos
629 530 794 582 libros
850 548 969 582 cum
1034 530 1350 584 Sermonum
1411 534 1758 604 inscripserit,

68 603 253 652 tamen
301 600 364 653 de
411 601 495 654 his
545 603 619 655 sic
665 604 903 672 loquitur
951 606 1103 674 quasi
1151 610 1335 658 satura
1373 607 1637 661 Lucilium
1679 629 1756 662 se-

70 691 254 741 quens
392 678 419 727 1
464 680 611 728 sunt
651 677 880 747 quibus
920 680 984 730 in
1025 682 1243 731 satura
1280 682 1474 734 nimis
1515 701 1656 736 acer
1696 689 1801 737 et5

69 747 254 799 ultra.
333 749 399 801 ad
437 750 749 804 Trebatium
791 753 974 804 scribit
1014 754 1248 822 equitem
1287 754 1607 808 Romanum.
1668 757 1757 810 hic

68 824 149 872 est
205 821 488 876 Trebatius
549 825 679 876 iuris
741 827 945 893 peritus
955 868 968 894 ,
1031 828 1122 896 qui
1184 828 1361 880 locum
1414 829 1649 882 obtinuit
1702 835 1756 883 et

67 893 272 963 aliquot
310 896 476 949 libros
521 898 584 949 de
625 899 768 951 ciuili
808 900 921 952 iure
962 902 1247 970 conposuit
1287 906 1340 954 et
1380 903 1443 955 de
1482 904 1754 974 religioni-

64 968 164 1019 bus
203 987 413 1022 nouem.
530 973 586 1038 [6
627 974 884 1027 omnino
923 992 1151 1027 uersus
1201 976 1339 1042 aio]
1457 978 1488 1029 8
1537 982 1752 1030 trans-

64 1046 260 1096 nanto
300 1043 592 1098 Tiberim.
646 1047 749 1100 hoc
788 1048 953 1101 fuisse
984 1049 1042 1100 in
1067 1050 1454 1103 consuetudine
1478 1053 1749 1106 ueteribus
1778 1074 1819 1106 10

64 1115 170 1168 alio
210 1117 330 1170 loco
372 1119 638 1188 significat
676 1121 855 1174 dicens
906 1122 987 1175 Te
1033 1142 1146 1191 per
1198 1125 1490 1193 gramina
1529 1125 1751 1180 Martii

64 1187 305 1260 Campi,
343 1195 404 1245 te
442 1212 554 1262 per
603 1213 821 1263 aquaS,
870 1196 1041 1266 dure,
1088 1198 1428 1251 uolubileS.
1528 1201 1650 1252 uide
1690 1206 1752 1253 ut

63 1263 277 1317 directis
317 1267 496 1319 uerbis
536 1269 706 1320 utitur
745 1274 966 1339 propter
1005 1271 1136 1333 iuris
1175 1273 1395 1340 peritos.
1537 1275 1603 1326 13
1644 1293 1749 1327 ne-

62 1355 178 1406 que
234 1340 399 1392 enim
457 1342 674 1410 quiuisv
725 1343 1054 1397 horrentia
1099 1347 1269 1415 pilis.
1369 1347 1647 1416 eleganter
1693 1350 1749 1402 in

58 1411 177 1478 ipsa
216 1416 555 1468 excusatione
593 1436 753 1485 posse
796 1436 846 1471 se
886 1420 1115 1472 scribere
1156 1421 1406 1474 ostendit.
1524 1424 1593 1473 14
1631 1441 1744 1475 nec
1772 1445 1814 1476 15

58 1485 269 1539 fracta
313 1491 647 1556 pereuntis
696 1493 961 1560 cuspide
1010 1492 1251 1548 Gallos,
1351 1496 1564 1547 fracta
1616 1496 1749 1548 dixit

57 1562 119 1610 ut
157 1559 513 1631 Uergilius:
562 1564 788 1634 Ibique
835 1566 1175 1637 frangitur.
1277 1573 1371 1621 aut
1418 1569 1481 1621 de
1519 1570 1748 1623 historia

57 1636 160 1701 est,
209 1653 336 1687 nam
383 1636 586 1690 Marius
636 1640 894 1693 aduersus
943 1640 1210 1696 Santonas
1258 1643 1390 1695 talia
1445 1645 1555 1696 tela
1606 1663 1746 1698 com-

54 1711 268 1761 mentus
310 1713 412 1780 est,
458 1716 519 1764 ut
568 1713 741 1765 fracta
780 1715 1145 1784 mitterentur,
1192 1736 1260 1770 ne
1300 1718 1503 1770 remitti
1543 1719 1610 1770 ab
1651 1719 1744 1772 ho—

57 1781 228 1834 stibus
276 1789 515 1852 possent.
657 1789 723 1840 16
765 1792 1053 1842 attamen
1102 1798 1161 1843 et
1200 1792 1440 1844 iustum
1478 1795 1740 1861 poteras
1765 1815 1808 1846 20

54 1858 115 1906 et
154 1857 434 1911 scribere
473 1861 708 1914 fortem
751 1861 1134 1932 Scipiadam:
1177 1866 1221 1918 si
1253 1884 1364 1918 non
1395 1870 1549 1934 potes
1590 1871 1743 1936 gesta

53 1928 297 1983 Caesaris
346 1934 598 2004 scribere,
646 1939 702 1987 at
749 1941 902 2005 potes
951 1939 1214 1990 iustitiam
1263 1943 1316 1991 et
1354 1939 1741 2011 fortitudinem,

51 2006 113 2055 ut
150 2003 436 2059 Lucilius
478 2007 713 2078 Scipioni
751 2011 902 2081 fecit,
951 2013 1039 2080 qui
1080 2013 1251 2065 uitam
1291 2014 1434 2064 illius
1468 2015 1739 2081 priuatam

171 2157 222 2253 121
257 2152 329 2195 od.
364 2158 405 2208 4,
441 2160 478 2209 1,
514 2159 567 2197 39
685 2162 738 2199 17
772 2157 884 2202 Aen.
920 2164 960 2213 9,
994 2163 1078 2201 412
1196 2164 1248 2202 ‘23
1284 2158 1429 2205 Lucil.
1463 2160 1534 2204 ed.
1567 2160 1737 2206 Muller

47 2223 93 2264 p.
132 2215 183 2253 17

167 2350 189 2387 1
244 2344 1044 2395 hORATIFLACCISERMON‘UM
1096 2351 1279 2395 LIBER
1312 2377 1319 2384 ·
1354 2353 1375 2395 I
1409 2377 1416 2385 ·
1449 2353 1734 2398 EXPLIEIT

44 2401 270 2448 INCIPIT
303 2404 576 2449 EIUSDEM
606 2407 786 2451 LIBER
813 2434 820 2441 ·
847 2409 889 2452 II
916 2434 924 2442 ·
1041 2415 1065 2453 2
1086 2412 1287 2466 primum
1320 2413 1407 2456 sch.
1433 2417 1542 2468 post
1571 2414 1657 2457 sch.
1686 2428 1729 2457 u.

45 2465 111 2504 26³
143 2468 205 2506 est
235 2465 287 2508 in
313 2465 376 2508 M
479 2468 553 2509 sut
585 2501 595 2510 .
632 2503 639 2510 .
675 2469 833 2524 satyra
863 2484 1001 2513 nlmis
1029 2494 1037 2502 ·
1063 2485 1093 2513 u
1121 2495 1128 2503 ·
1154 2484 1260 2515 acer
1279 2471 1341 2514 M
1452 2477 1477 2515 3
1511 2472 1732 2529 quoniam

44 2521 190 2564 ‹Zelem‘
331 2538 589 2569 sermonem
622 2527 685 2570 M
819 2532 847 2571 4
879 2531 1132 2586 quasytyra
1165 2531 1238 2585 M,
1271 2531 1405 2586 quasi
1437 2531 1494 2575 de
1528 2531 1671 2575 satira
1703 2548 1732 2587 ς

45 2578 346 2627 Saturarum?
490 2589 515 2628 5
549 2587 707 2642 satyra
739 2587 802 2630 M
936 2592 959 2631 7
994 2590 1048 2643 cf.
1083 2589 1237 2633 locum
1268 2590 1440 2635 habere
1471 2591 1545 2634 uel
1574 2591 1729 2634 locum

44 2652 142 2684 esse
174 2640 334 2697 alicui3
369 2644 523 2688 locum
555 2645 759 2689 obtinuit
788 2646 910 2691 inter
946 2650 1112 2703 poetas
1146 2665 1173 2704 ς
1311 2655 1335 2693 9
1374 2655 1423 2694 at
1456 2650 1730 2694 Macrobius

40 2703 126 2743 sat.
158 2703 203 2754 3,
235 2704 278 2754 3,
311 2705 340 2745 5
371 2702 601 2747 decimum
634 2705 798 2749 laudat
901 2708 987 2751 seh.
1021 2722 1067 2751 u.
1102 2713 1130 2752 6·
1163 2709 1379 2753 excidisse
1402 2713 1544 2764 putat
1571 2709 1728 2766 Pauly

157 2760 398 2805 transnato
432 2764 495 2806 M
621 2769 677 2808 10
709 2765 1078 2810 consu&udmem
1112 2768 1171 2811 M
1309 2775 1361 2811 11
1404 2770 1579 2823 martls,
1613 2781 1641 2811 a
1672 2783 1728 2812 635

39 2831 66 2860 o
99 2831 229 2874 corr„
263 2820 327 2863 M
430 2827 483 2866 13
517 2823 712 2867 derectis
745 2825 807 2867 M
920 2830 973 2869 15
1007 2827 1261 2871 scribenter
1296 2828 1357 2870 M
1477 2832 1529 2870 17
1562 2828 1728 2872 istoria

40 2877 104 2919 M
222 2883 275 2923 19
307 2880 450 2924 missa
479 2881 806 2939 frangerentur
836 2884 1050 2929 Hauthal
1171 2892 1223 2930 21
1258 2888 1575 2943 gestiscesaris
1607 2886 1672 2932 M

37 2942 94 3039 ΞΘ»
129 2952 355 3042 {gracum
397 2941 477 2995 M,
524 2942 940 2998 interpretationem
981 2946 1114 2990 uerbi
1153 2945 1280 2989 illius
1320 2958 1409 2989 esse
1435 2950 1610 3002 putans
1641 2947 1725 2992 del.

84 3031 93 3040 .
188 3013 221 3042 u
256 3012 304 3044 er

1281 3081 1367 3123 16*
