1939 3197
701 67 954 113 EPODON
987 73 1012 112 3
1047 69 1094 112 et
1124 73 1166 113 4.
1676 68 1780 121 149

92 206 236 259 mine
307 207 360 257 et
427 203 757 273 Uergilius
826 204 884 255 in
946 203 1337 273 significatione
1406 203 1781 272 pulcritudinis

97 297 307 348 semper
366 278 559 347 utitur,
620 280 681 330 ut
743 275 1066 330 Candidus
1128 278 1451 330 insuetum
1511 278 1782 330 miratur

88 354 286 405 limen
354 350 608 420 Olympi
677 354 731 403 et
799 349 1083 404 Candida
1144 350 1308 403 Dido
1378 354 1433 403 et
1495 349 1782 404 Candida

87 426 273 479 Maia.
348 429 538 478 notam
576 427 756 477 autem
795 425 1075 477 historiam
1106 425 1194 477 hic
1218 426 1276 476 in
1299 425 1475 477 iocum
1500 425 1780 493 conuertit,

86 500 242 568 quasi
280 498 468 552 Medea
508 500 612 552 alio
652 499 962 568 perunxerit
1000 499 1263 568 Iasonem,
1302 501 1364 551 ut
1394 517 1515 551 eum
1546 499 1781 551 muniret
1803 513 1824 547 5

87 573 344 626 aduersus
383 574 494 626 uim
533 577 811 626 taurorum
848 573 1091 625 flammas
1133 573 1466 642 spirantium,
1507 573 1599 642 qui
1629 574 1780 626 iussu

84 648 229 717 regis
286 647 581 700 subiciendi
625 650 800 715 erant,
863 647 908 699 si
954 648 1119 700 uellet
1155 648 1351 715 pellem
1390 665 1607 699 auream
1647 647 1780 699 acci-

84 739 228 790 pere.
383 722 449 774 13
521 722 638 774 hoc
701 721 1011 773 delibutis
1073 722 1212 773 ulta
1267 721 1448 773 donis
1510 721 1780 788 pelicem

92 798 394 863 serpente
433 795 609 865 fugit
649 795 817 846 alite.
893 796 927 859 ’ἱ-
951 797 1012 846 ut
1052 812 1172 846 cum
1206 794 1282 846 ait
1304 795 1509 846 milenS.
1559 794 1626 846 ad
1651 797 1779 847 erat.

239 869 304 920 17
369 886 484 921 nec
535 886 758 920 munus
820 869 1054 920 umeris
1118 868 1416 920 efficacis
1463 867 1780 921 Herculis,
1805 882 1846 916 10

90 941 156 994 de
194 944 344 994 ueste
383 943 476 995 illa
515 943 754 1011 loquitur
794 942 1056 1012 sanguine
1096 940 1256 994 Nessi
1296 942 1556 1010 delibuta,
1619 960 1779 1010 quam

89 1034 125 1068 a
162 1014 420 1068 Deianira
471 1017 698 1086 coniuge
751 1017 990 1069 oblatam
1038 1015 1298 1068 Hercules
1350 1034 1468 1068 cum
1519 1016 1781 1068 induisset

85 1089 334 1155 incendio
384 1091 496 1143 eius
538 1092 853 1158 absumptus
904 1093 997 1142 est.
1075 1090 1371 1142 efficacis
1435 1093 1614 1142 autem
1661 1108 1779 1158 per-

86 1166 312 1231 petuum
345 1165 623 1233 epitheton
653 1166 774 1216 uult
806 1182 920 1217 esse
945 1163 1209 1217 Herculis,
1327 1164 1392 1215 19
1434 1167 1497 1216 at
1539 1164 1590 1216 si
1630 1163 1778 1232 quid

85 1255 377 1306 umquam
437 1240 571 1290 tale
623 1238 1090 1307 concupiueris.
1167 1238 1380 1290 iocose
1443 1237 1778 1290 Maecenas
1803 1250 1846 1286 15

80 1329 323 1380 precor.
388 1316 652 1381 oportune
677 1313 918 1365 iocosum
945 1312 1196 1380 appellat,
1221 1311 1306 1364 cui
1322 1311 1453 1363 uelit
1480 1312 1626 1364 iocos
1653 1329 1778 1364 suos

83 1386 488 1438 commendatos
529 1405 656 1439 esse.

621 1471 874 1515 EPODON
907 1471 1163 1516 CARMEN
1195 1476 1234 1516 4.

229 1531 424 1600 Lupis
464 1537 523 1585 et
564 1533 748 1603 agnis
796 1536 1035 1601 quanta
1083 1533 1317 1585 sortito
1368 1532 1632 1602 obtigit,
1686 1535 1775 1584 te-

83 1624 228 1658 cum
281 1607 435 1658 mihi
490 1606 815 1660 discordia
864 1610 974 1659 est.
1050 1607 1191 1678 hanc
1240 1607 1483 1675 eclogam
1522 1607 1580 1657 in
1618 1605 1775 1659 Pom·
1799 1626 1843 1660 20

82 1680 268 1748 peium
317 1679 535 1733 Menam
595 1681 781 1733 scribit
836 1682 1090 1733 libertum
1138 1680 1363 1748 Pompei
1415 1679 1624 1749 Magni,
1687 1681 1778 1749 qui

83 1753 391 1821 praefectus
431 1755 589 1807 classi
626 1755 745 1807 fuit.
844 1753 1007 1808 Sexto
1047 1754 1305 1824 Pompeio
1351 1754 1552 1806 bellum
1591 1755 1776 1807 aduer-

89 1845 207 1879 sum
244 1827 553 1898 Augustum
592 1827 876 1882 Caesarem
926 1832 1145 1899 gerente
1196 1829 1282 1881 hic
1331 1847 1452 1881 cum
1499 1828 1668 1880 classe
1709 1828 1776 1880 ad

81 1899 367 1954 Caesarem
406 1903 718 1972 transierat,
757 1903 947 1956 deinde
989 1903 1055 1955 ad
1081 1901 1301 1955 Sextum
1322 1902 1482 1954 rediit
1514 1904 1568 1954 et
1590 1920 1773 1954 rursus

79 1975 282 2045 refugit
321 1976 388 2028 ad
427 1975 724 2029 Caesarem.
867 1979 901 2029 2
963 1980 1171 2029 tecum
1232 1975 1385 2027 mihi
1447 1975 1774 2028 discordia
1797 1994 1842 2029 25

82 2052 192 2100 est.
271 2051 648 2103 accersendum
686 2051 790 2102 huc
831 2051 1158 2102 extrinsecus
1200 2048 1421 2101 etanta'.
1516 2049 1591 2101 sic
1630 2050 1773 2102 enim

78 2140 410 2191 consequens
462 2125 562 2176 erit
612 2125 865 2176 elocutio:
937 2127 1139 2193 quanta
1190 2124 1379 2176 sortito
1432 2122 1629 2192 obtigit
1668 2123 1773 2176 dis-

79 2196 266 2248 cordia
302 2197 442 2265 lupis
484 2200 537 2249 et
577 2199 753 2267 agnis,
800 2200 954 2250 tanta
993 2198 1125 2250 mihi
1162 2200 1340 2249 tecum
1379 2199 1475 2249 est.
1589 2197 1622 2249 3
1661 2195 1772 2249 Hi-

78 2269 314 2322 bericis
365 2275 624 2339 peruste
679 2272 947 2324 funibus
1001 2273 1187 2324 latus,
1278 2271 1510 2323 restibus
1558 2288 1770 2323 caesum

79 2361 240 2412 saepe
279 2362 342 2396 ac
379 2363 474 2414 per
513 2346 615 2399 hoc
654 2347 855 2398 malum
897 2364 1111 2398 seruum
1156 2345 1323 2397 fuisse
1361 2345 1480 2396 uult
1517 2345 1771 2413 intellegi.
1794 2363 1839 2397 30

77 2416 363 2471 Hibericos
412 2422 591 2472 autem
637 2420 793 2472 funes
833 2420 952 2473 ideo
994 2420 1144 2487 dicit,
1196 2419 1321 2487 quia
1358 2419 1417 2470 in
1455 2417 1680 2471 Hiberia
1716 2419 1771 2471 id

85 2494 168 2543 est
219 2492 277 2543 in
312 2491 580 2561 Hispania
618 2495 909 2563 plurimum
950 2497 1192 2563 spartum
1234 2493 1489 2546 nascitur.
1607 2493 1636 2546 ’ἶ
1677 2492 1769 2544 ui—

198 2612 223 2650 2
255 2607 364 2651 Buc.
400 2613 439 2664 5,
474 2614 528 2653 56
651 2615 676 2653 3
709 2610 823 2653 Aen.
858 2614 899 2665 5,
933 2614 1032 2654 571.
1068 2614 1110 2665 8,
1145 2614 1227 2653 138

199 2716 220 2753 1
264 2711 612 2766 significacione
647 2713 710 2755 M
827 2718 852 2756 3
893 2713 1060 2769 ome1
1095 2713 1157 2755 M
1281 2717 1310 2755 4
1347 2711 1500 2755 iocum
1532 2710 1769 2755 Hauthal:

74 2769 230 2813 locum
265 2770 327 2812 M
476 2775 499 2813 7
532 2771 640 2827 iugo
702 2771 960 2816 subiciendi
991 2773 1100 2815 Aer.
1252 2776 1278 2814 9
1312 2771 1572 2827 serpentem
1605 2770 1668 2813 M

81 2833 136 2872 14
167 2829 443 2885 epithethon
476 2830 539 2872 M
657 2835 711 2874 15
743 2844 957 2875 mecenas
992 2831 1055 2874 M
1184 2836 1238 2874 16
1270 2829 1448 2886 apellat
1586 2833 1638 2872 17
1672 2842 1768 2873 esse

74 2887 181 2931 uult
216 2888 278 2930 M
420 2894 472 2933 19
507 2890 693 2933 sorticio
728 2890 791 2933 M
937 2895 993 2934 20
1026 2890 1245 2946 eglogam
1278 2889 1341 2931 M
1480 2892 1533 2931 21
1561 2887 1767 2932 Menam:

76 2954 301 3003 inagnum
333 2947 396 2990 M
484 2952 538 2990 22
562 2948 740 2992 bellom
774 2949 836 2991 M
933 2954 987 2992 23
1015 2950 1218 3004 gerente.
1280 2947 1366 2990 Hic
1400 2962 1429 3002 ς
1527 2952 1584 2991 26
1617 2960 1768 2991 acces-

27 3062 30 3063 7
76 3005 268 3049 sendum
300 3006 364 3049 M
496 3011 551 3050 27
583 3008 764 3051 sortitio
798 3008 861 3050 M
994 3013 1048 3051 32
1081 3009 1269 3063 partum
1301 3007 1364 3049 M
