<?xml version="1.0" encoding="UTF-8"?>
<!DOCTYPE html PUBLIC "-//W3C//DTD XHTML 1.0 Transitional//EN"
    "http://www.w3.org/TR/xhtml1/DTD/xhtml1-transitional.dtd">
<html xmlns="http://www.w3.org/1999/xhtml" xml:lang="en" lang="en">
 <head>
  <title>
</title>
<meta http-equiv="Content-Type" content="text/html;charset=utf-8" />
  <meta name='ocr-system' content='tesseract 3.04.00' />
  <meta name='ocr-capabilities' content='ocr_page ocr_carea ocr_par ocr_line ocrx_word'/>
</head>
<body>
  <div class='ocr_page' id='page_1' title='image "./pomponiiporphyri00pomp_0315.png"; bbox 0 0 1939 3197; ppageno 0'>
   <div class='ocr_carea' id='block_1_1' title="bbox 624 82 1811 139">
    <p class='ocr_par' dir='ltr' id='par_1_1' title="bbox 624 82 1811 139">
     <span class='ocr_line' id='line_1_1' title="bbox 624 82 1811 139; baseline 0.008 -13"><span class='ocrx_word' id='word_1_1' title='bbox 624 82 924 127; x_wconf 83' lang='lat' dir='ltr'><strong>EPISTULA</strong></span> <span class='ocrx_word' id='word_1_2' title='bbox 957 83 991 139; x_wconf 85' lang='grc' dir='ltr'>Ι,</span> <span class='ocrx_word' id='word_1_3' title='bbox 1027 87 1095 136; x_wconf 85' lang='grc'>18,</span> <span class='ocrx_word' id='word_1_4' title='bbox 1130 87 1317 127; x_wconf 83' lang='lat'>79-94.</span> <span class='ocrx_word' id='word_1_5' title='bbox 1707 83 1811 135; x_wconf 77' lang='lat'>301</span> 
     </span>
    </p>
   </div>
   <div class='ocr_carea' id='block_1_2' title="bbox 122 217 1892 2500">
    <p class='ocr_par' dir='ltr' id='par_1_2' title="bbox 122 217 1892 2500">
     <span class='ocr_line' id='line_1_2' title="bbox 129 217 1815 287; baseline 0.001 -18"><span class='ocrx_word' id='word_1_6' title='bbox 129 237 320 287; x_wconf 89' lang='lat' dir='ltr'>parum</span> <span class='ocrx_word' id='word_1_7' title='bbox 360 217 598 287; x_wconf 85' lang='lat' dir='ltr'>dignum.</span> <span class='ocrx_word' id='word_1_8' title='bbox 655 218 782 286; x_wconf 88' lang='lat' dir='ltr'>quid</span> <span class='ocrx_word' id='word_1_9' title='bbox 813 217 979 287; x_wconf 82' lang='lat' dir='ltr'>igitur</span> <span class='ocrx_word' id='word_1_10' title='bbox 1008 217 1114 283; x_wconf 80' lang='lat' dir='ltr'>fiet,</span> <span class='ocrx_word' id='word_1_11' title='bbox 1154 217 1198 269; x_wconf 90' lang='lat' dir='ltr'>si</span> <span class='ocrx_word' id='word_1_12' title='bbox 1221 218 1556 286; x_wconf 73' lang='lat' dir='ltr'>peccauerit?</span> <span class='ocrx_word' id='word_1_13' title='bbox 1597 219 1815 270; x_wconf 89' lang='lat' dir='ltr'>minime</span> 
     </span>
     <span class='ocr_line' id='line_1_3' title="bbox 131 291 1814 359; baseline 0.001 -16"><span class='ocrx_word' id='word_1_14' title='bbox 131 291 538 344; x_wconf 91' lang='lat' dir='ltr'>defendendum.</span> <span class='ocrx_word' id='word_1_15' title='bbox 631 291 837 359; x_wconf 91' lang='lat' dir='ltr'>decepit</span> <span class='ocrx_word' id='word_1_16' title='bbox 893 291 1034 342; x_wconf 91' lang='lat' dir='ltr'>enim</span> <span class='ocrx_word' id='word_1_17' title='bbox 1084 291 1261 359; x_wconf 90' lang='lat' dir='ltr'>ipsum</span> <span class='ocrx_word' id='word_1_18' title='bbox 1313 292 1814 344; x_wconf 73' lang='lat' dir='ltr'>commendatorem.</span> 
     </span>
     <span class='ocr_line' id='line_1_4' title="bbox 283 365 1816 434; baseline 0 -17"><span class='ocrx_word' id='word_1_19' title='bbox 283 365 349 417; x_wconf 87' lang='lat'>79</span> <span class='ocrx_word' id='word_1_20' title='bbox 439 383 615 433; x_wconf 88' lang='lat' dir='ltr'>quem</span> <span class='ocrx_word' id='word_1_21' title='bbox 709 383 821 416; x_wconf 91' lang='lat' dir='ltr'>sua</span> <span class='ocrx_word' id='word_1_22' title='bbox 911 365 1096 432; x_wconf 91' lang='lat' dir='ltr'>culpa</span> <span class='ocrx_word' id='word_1_23' title='bbox 1179 370 1447 433; x_wconf 90' lang='lat' dir='ltr'>premet:</span> <span class='ocrx_word' id='word_1_24' title='bbox 1527 367 1616 434; x_wconf 88' lang='lat' dir='ltr'>qui</span> <span class='ocrx_word' id='word_1_25' title='bbox 1692 384 1816 417; x_wconf 90' lang='lat' dir='ltr'>uere</span> 
     </span>
     <span class='ocr_line' id='line_1_5' title="bbox 130 438 1816 508; baseline 0 -18"><span class='ocrx_word' id='word_1_26' title='bbox 130 439 433 506; x_wconf 88' lang='lat' dir='ltr'>peccauerit</span> <span class='ocrx_word' id='word_1_27' title='bbox 479 441 532 490; x_wconf 90' lang='lat' dir='ltr'>et</span> <span class='ocrx_word' id='word_1_28' title='bbox 585 439 641 489; x_wconf 89' lang='lat' dir='ltr'>in</span> <span class='ocrx_word' id='word_1_29' title='bbox 690 438 1042 490; x_wconf 87' lang='lat' dir='ltr'>offensionem</span> <span class='ocrx_word' id='word_1_30' title='bbox 1080 439 1288 491; x_wconf 89' lang='lat' dir='ltr'>uenerit</span> <span class='ocrx_word' id='word_1_31' title='bbox 1327 458 1424 491; x_wconf 88' lang='lat' dir='ltr'>sua</span> <span class='ocrx_word' id='word_1_32' title='bbox 1462 441 1631 508; x_wconf 87' lang='lat' dir='ltr'>culpa.</span> <span class='ocrx_word' id='word_1_33' title='bbox 1747 440 1816 493; x_wconf 92' lang='lat' dir='ltr'>8O</span> 
     </span>
     <span class='ocr_line' id='line_1_6' title="bbox 130 512 1862 581; baseline 0.002 -18"><span class='ocrx_word' id='word_1_34' title='bbox 130 515 199 563; x_wconf 91' lang='lat' dir='ltr'>ut</span> <span class='ocrx_word' id='word_1_35' title='bbox 248 512 506 580; x_wconf 89' lang='lat' dir='ltr'>penitus</span> <span class='ocrx_word' id='word_1_36' title='bbox 561 515 777 564; x_wconf 92' lang='lat' dir='ltr'>notum</span> <span class='ocrx_word' id='word_1_37' title='bbox 834 512 885 564; x_wconf 91' lang='lat' dir='ltr'>si</span> <span class='ocrx_word' id='word_1_38' title='bbox 924 515 961 564; x_wconf 84' lang='lat' dir='ltr'>t.</span> <span class='ocrx_word' id='word_1_39' title='bbox 1008 530 1075 563; x_wconf 91' lang='lat' dir='ltr'>ne</span> <span class='ocrx_word' id='word_1_40' title='bbox 1114 515 1195 580; x_wconf 69' lang='lat' dir='ltr'>tu,</span> <span class='ocrx_word' id='word_1_41' title='bbox 1234 514 1432 581; x_wconf 79' lang='lat' dir='ltr'>inquit7</span> <span class='ocrx_word' id='word_1_42' title='bbox 1494 514 1551 565; x_wconf 90' lang='lat' dir='ltr'>in</span> <span class='ocrx_word' id='word_1_43' title='bbox 1605 528 1862 566; x_wconf 81' lang='lat' dir='ltr'>cassum5</span> 
     </span>
     <span class='ocr_line' id='line_1_7' title="bbox 130 586 1817 656; baseline 0.002 -19"><span class='ocrx_word' id='word_1_44' title='bbox 130 586 371 637; x_wconf 87' lang='lat' dir='ltr'>effundas</span> <span class='ocrx_word' id='word_1_45' title='bbox 443 586 807 638; x_wconf 82' lang='lat' dir='ltr'>defensionem</span> <span class='ocrx_word' id='word_1_46' title='bbox 875 604 971 653; x_wconf 90' lang='lat' dir='ltr'>pro</span> <span class='ocrx_word' id='word_1_47' title='bbox 1042 586 1276 655; x_wconf 76' lang='lat' dir='ltr'>integro,</span> <span class='ocrx_word' id='word_1_48' title='bbox 1348 587 1460 656; x_wconf 79' lang='lat' dir='ltr'>qui,</span> <span class='ocrx_word' id='word_1_49' title='bbox 1529 590 1590 639; x_wconf 89' lang='lat' dir='ltr'>ut</span> <span class='ocrx_word' id='word_1_50' title='bbox 1659 605 1817 656; x_wconf 85' lang='lat' dir='ltr'>saepe</span> 
     </span>
     <span class='ocr_line' id='line_1_8' title="bbox 131 659 1818 729; baseline 0.002 -19"><span class='ocrx_word' id='word_1_51' title='bbox 131 660 214 727; x_wconf 78' lang='lat' dir='ltr'>fit,</span> <span class='ocrx_word' id='word_1_52' title='bbox 290 659 670 712; x_wconf 88' lang='lat' dir='ltr'>maledicorum</span> <span class='ocrx_word' id='word_1_53' title='bbox 756 659 1127 712; x_wconf 71' lang='lat' dir='ltr'>criminatione</span> <span class='ocrx_word' id='word_1_54' title='bbox 1213 678 1332 711; x_wconf 92' lang='lat' dir='ltr'>cum</span> <span class='ocrx_word' id='word_1_55' title='bbox 1415 661 1665 729; x_wconf 84' lang='lat' dir='ltr'>laeditur,</span> <span class='ocrx_word' id='word_1_56' title='bbox 1757 668 1818 713; x_wconf 90' lang='lat' dir='ltr'>tu</span> 
     </span>
     <span class='ocr_line' id='line_1_9' title="bbox 130 732 1818 803; baseline 0.002 -19"><span class='ocrx_word' id='word_1_57' title='bbox 130 751 340 801; x_wconf 89' lang='lat' dir='ltr'>quoque</span> <span class='ocrx_word' id='word_1_58' title='bbox 400 733 742 785; x_wconf 87' lang='lat' dir='ltr'>labefactaris</span> <span class='ocrx_word' id='word_1_59' title='bbox 812 732 1059 785; x_wconf 88' lang='lat' dir='ltr'>laudator</span> <span class='ocrx_word' id='word_1_60' title='bbox 1120 734 1627 803; x_wconf 71' lang='lat' dir='ltr'>commendatorque</span> <span class='ocrx_word' id='word_1_61' title='bbox 1691 736 1818 787; x_wconf 86' lang='lat' dir='ltr'>eius.</span> 
     </span>
     <span class='ocr_line' id='line_1_10' title="bbox 282 806 1816 875; baseline 0.001 -17"><span class='ocrx_word' id='word_1_62' title='bbox 282 807 349 859; x_wconf 85' lang='lat'>81</span> <span class='ocrx_word' id='word_1_63' title='bbox 430 807 535 875; x_wconf 87' lang='lat' dir='ltr'>qui</span> <span class='ocrx_word' id='word_1_64' title='bbox 599 807 785 858; x_wconf 89' lang='lat' dir='ltr'>dente</span> <span class='ocrx_word' id='word_1_65' title='bbox 855 806 1187 859; x_wconf 85' lang='lat' dir='ltr'>Theonino</span> <span class='ocrx_word' id='word_1_66' title='bbox 1268 825 1417 859; x_wconf 92' lang='lat' dir='ltr'>cum.</span> <span class='ocrx_word' id='word_1_67' title='bbox 1531 808 1635 861; x_wconf 92' lang='lat' dir='ltr'>hoc</span> <span class='ocrx_word' id='word_1_68' title='bbox 1713 812 1816 860; x_wconf 88' lang='lat' dir='ltr'>est:</span> 
     </span>
     <span class='ocr_line' id='line_1_11' title="bbox 129 880 1888 950; baseline 0 -19"><span class='ocrx_word' id='word_1_69' title='bbox 129 881 222 949; x_wconf 91' lang='lat' dir='ltr'>qui</span> <span class='ocrx_word' id='word_1_70' title='bbox 269 898 389 931; x_wconf 92' lang='lat' dir='ltr'>cum</span> <span class='ocrx_word' id='word_1_71' title='bbox 443 880 716 932; x_wconf 89' lang='lat' dir='ltr'>mordetur</span> <span class='ocrx_word' id='word_1_72' title='bbox 763 880 829 932; x_wconf 91' lang='lat' dir='ltr'>ab</span> <span class='ocrx_word' id='word_1_73' title='bbox 869 880 1066 932; x_wconf 81' lang='lat' dir='ltr'>inuidis</span> <span class='ocrx_word' id='word_1_74' title='bbox 1108 883 1160 932; x_wconf 92' lang='lat' dir='ltr'>et</span> <span class='ocrx_word' id='word_1_75' title='bbox 1200 882 1665 950; x_wconf 79' lang='lat' dir='ltr'>obtrectatoribuS,</span> <span class='ocrx_word' id='word_1_76' title='bbox 1705 901 1819 934; x_wconf 90' lang='lat' dir='ltr'>suc·</span> <span class='ocrx_word' id='word_1_77' title='bbox 1845 900 1888 931; x_wconf 85' lang='lat'>10</span> 
     </span>
     <span class='ocr_line' id='line_1_12' title="bbox 131 953 1821 1023; baseline 0.002 -18"><span class='ocrx_word' id='word_1_78' title='bbox 131 953 450 1005; x_wconf 89' lang='lat' dir='ltr'>currendum</span> <span class='ocrx_word' id='word_1_79' title='bbox 496 954 595 1006; x_wconf 89' lang='lat' dir='ltr'>tibi</span> <span class='ocrx_word' id='word_1_80' title='bbox 637 957 737 1021; x_wconf 81' lang='lat' dir='ltr'>est,</span> <span class='ocrx_word' id='word_1_81' title='bbox 791 972 858 1005; x_wconf 89' lang='lat' dir='ltr'>ne</span> <span class='ocrx_word' id='word_1_82' title='bbox 919 957 978 1005; x_wconf 90' lang='lat' dir='ltr'>tu</span> <span class='ocrx_word' id='word_1_83' title='bbox 1035 973 1244 1023; x_wconf 87' lang='lat' dir='ltr'>quoque</span> <span class='ocrx_word' id='word_1_84' title='bbox 1297 955 1539 1007; x_wconf 72' lang='lat' dir='ltr'>laedaris</span> <span class='ocrx_word' id='word_1_85' title='bbox 1632 956 1821 1008; x_wconf 88' lang='lat' dir='ltr'>Theon</span> 
     </span>
     <span class='ocr_line' id='line_1_13' title="bbox 122 1027 1818 1096; baseline 0.002 -19"><span class='ocrx_word' id='word_1_86' title='bbox 122 1030 312 1079; x_wconf 19' lang='lat' dir='ltr'>*autem</span> <span class='ocrx_word' id='word_1_87' title='bbox 353 1027 569 1095; x_wconf 89' lang='lat' dir='ltr'>quidam</span> <span class='ocrx_word' id='word_1_88' title='bbox 623 1028 715 1079; x_wconf 92' lang='lat' dir='ltr'>illo</span> <span class='ocrx_word' id='word_1_89' title='bbox 767 1031 1005 1096; x_wconf 91' lang='lat' dir='ltr'>tempore</span> <span class='ocrx_word' id='word_1_90' title='bbox 1056 1028 1299 1080; x_wconf 81' lang='lat' dir='ltr'>rabiosae</span> <span class='ocrx_word' id='word_1_91' title='bbox 1351 1029 1648 1081; x_wconf 87' lang='lat' dir='ltr'>dicacitatis</span> <span class='ocrx_word' id='word_1_92' title='bbox 1702 1029 1818 1082; x_wconf 86' lang='lat' dir='ltr'>fuit.</span> 
     </span>
     <span class='ocr_line' id='line_1_14' title="bbox 281 1101 1819 1173; baseline 0.002 -21"><span class='ocrx_word' id='word_1_93' title='bbox 281 1101 350 1153; x_wconf 79' lang='lat'>82</span> <span class='ocrx_word' id='word_1_94' title='bbox 414 1101 639 1169; x_wconf 89' lang='lat' dir='ltr'>ecquid</span> <span class='ocrx_word' id='word_1_95' title='bbox 702 1101 775 1152; x_wconf 91' lang='lat' dir='ltr'>ad</span> <span class='ocrx_word' id='word_1_96' title='bbox 837 1104 897 1152; x_wconf 88' lang='lat' dir='ltr'>te</span> <span class='ocrx_word' id='word_1_97' title='bbox 951 1104 1099 1169; x_wconf 90' lang='lat' dir='ltr'>post</span> <span class='ocrx_word' id='word_1_98' title='bbox 1149 1103 1351 1169; x_wconf 81' lang='lat' dir='ltr'>paulo,</span> <span class='ocrx_word' id='word_1_99' title='bbox 1430 1103 1583 1155; x_wconf 90' lang='lat' dir='ltr'>ordo:</span> <span class='ocrx_word' id='word_1_100' title='bbox 1632 1103 1819 1173; x_wconf 88' lang='lat' dir='ltr'>ecquid</span> 
     </span>
     <span class='ocr_line' id='line_1_15' title="bbox 129 1175 1820 1246; baseline 0.002 -21"><span class='ocrx_word' id='word_1_101' title='bbox 129 1175 313 1226; x_wconf 79' lang='lat' dir='ltr'>sentis,</span> <span class='ocrx_word' id='word_1_102' title='bbox 445 1175 515 1226; x_wconf 87' lang='lat'>84</span> <span class='ocrx_word' id='word_1_103' title='bbox 576 1193 720 1226; x_wconf 91' lang='lat' dir='ltr'>nam</span> <span class='ocrx_word' id='word_1_104' title='bbox 780 1178 888 1226; x_wconf 89' lang='lat' dir='ltr'>tua</span> <span class='ocrx_word' id='word_1_105' title='bbox 949 1193 1048 1227; x_wconf 90' lang='lat' dir='ltr'>res</span> <span class='ocrx_word' id='word_1_106' title='bbox 1113 1176 1340 1244; x_wconf 79' lang='lat' dir='ltr'>agitur.</span> <span class='ocrx_word' id='word_1_107' title='bbox 1418 1178 1687 1229; x_wconf 89' lang='lat' dir='ltr'>sententia</span> <span class='ocrx_word' id='word_1_108' title='bbox 1725 1196 1820 1246; x_wconf 86' lang='lat' dir='ltr'>pei·</span> 
     </span>
     <span class='ocr_line' id='line_1_16' title="bbox 133 1248 1887 1318; baseline 0.002 -19"><span class='ocrx_word' id='word_1_109' title='bbox 133 1248 446 1317; x_wconf 80' lang='lat' dir='ltr'>allegoriam</span> <span class='ocrx_word' id='word_1_110' title='bbox 486 1248 861 1301; x_wconf 86' lang='lat' dir='ltr'>demonstrans</span> <span class='ocrx_word' id='word_1_111' title='bbox 901 1249 1200 1302; x_wconf 88' lang='lat' dir='ltr'>uicinorum</span> <span class='ocrx_word' id='word_1_112' title='bbox 1239 1250 1534 1318; x_wconf 90' lang='lat' dir='ltr'>periculum</span> <span class='ocrx_word' id='word_1_113' title='bbox 1573 1254 1818 1304; x_wconf 89' lang='lat' dir='ltr'>nostrum</span> <span class='ocrx_word' id='word_1_114' title='bbox 1846 1271 1887 1302; x_wconf 78' lang='lat'>15</span> 
     </span>
     <span class='ocr_line' id='line_1_17' title="bbox 130 1322 1820 1391; baseline 0.002 -18"><span class='ocrx_word' id='word_1_115' title='bbox 130 1339 260 1373; x_wconf 88' lang='lat' dir='ltr'>esse.</span> <span class='ocrx_word' id='word_1_116' title='bbox 376 1322 444 1374; x_wconf 85' lang='lat'>86</span> <span class='ocrx_word' id='word_1_117' title='bbox 487 1322 690 1374; x_wconf 90' lang='lat' dir='ltr'>dulcis</span> <span class='ocrx_word' id='word_1_118' title='bbox 730 1322 1088 1391; x_wconf 85' lang='lat' dir='ltr'>inexpertis</span> <span class='ocrx_word' id='word_1_119' title='bbox 1130 1324 1394 1376; x_wconf 90' lang='lat' dir='ltr'>cultura.</span> <span class='ocrx_word' id='word_1_120' title='bbox 1459 1325 1666 1377; x_wconf 82' lang='lat' dir='ltr'>dulcem</span> <span class='ocrx_word' id='word_1_121' title='bbox 1706 1344 1820 1377; x_wconf 90' lang='lat' dir='ltr'>esse</span> 
     </span>
     <span class='ocr_line' id='line_1_18' title="bbox 131 1395 1821 1465; baseline 0.003 -19"><span class='ocrx_word' id='word_1_122' title='bbox 131 1395 260 1447; x_wconf 89' lang='lat' dir='ltr'>dicit</span> <span class='ocrx_word' id='word_1_123' title='bbox 300 1395 590 1448; x_wconf 86' lang='lat' dir='ltr'>amicitiam</span> <span class='ocrx_word' id='word_1_124' title='bbox 631 1396 812 1448; x_wconf 88' lang='lat' dir='ltr'>diuitis</span> <span class='ocrx_word' id='word_1_125' title='bbox 854 1397 921 1464; x_wconf 78' lang='lat' dir='ltr'>ei,</span> <span class='ocrx_word' id='word_1_126' title='bbox 973 1397 1063 1465; x_wconf 89' lang='lat' dir='ltr'>qui</span> <span class='ocrx_word' id='word_1_127' title='bbox 1102 1402 1334 1464; x_wconf 69' lang='lat' dir='ltr'>expertus</span> <span class='ocrx_word' id='word_1_128' title='bbox 1371 1417 1483 1450; x_wconf 93' lang='lat' dir='ltr'>non</span> <span class='ocrx_word' id='word_1_129' title='bbox 1523 1399 1606 1451; x_wconf 85' lang='lat' dir='ltr'>sit.</span> <span class='ocrx_word' id='word_1_130' title='bbox 1684 1402 1821 1451; x_wconf 89' lang='lat' dir='ltr'>cete-</span> 
     </span>
     <span class='ocr_line' id='line_1_19' title="bbox 131 1470 1818 1538; baseline 0.003 -18"><span class='ocrx_word' id='word_1_131' title='bbox 131 1488 251 1521; x_wconf 91' lang='lat' dir='ltr'>rum</span> <span class='ocrx_word' id='word_1_132' title='bbox 302 1488 358 1521; x_wconf 88' lang='lat' dir='ltr'>re</span> <span class='ocrx_word' id='word_1_133' title='bbox 410 1470 528 1537; x_wconf 89' lang='lat' dir='ltr'>ipsa</span> <span class='ocrx_word' id='word_1_134' title='bbox 581 1470 797 1538; x_wconf 89' lang='lat' dir='ltr'>plenam</span> <span class='ocrx_word' id='word_1_135' title='bbox 849 1489 960 1522; x_wconf 87' lang='lat' dir='ltr'>esse</span> <span class='ocrx_word' id='word_1_136' title='bbox 1015 1471 1223 1523; x_wconf 88' lang='lat' dir='ltr'>timoris</span> <span class='ocrx_word' id='word_1_137' title='bbox 1262 1476 1309 1524; x_wconf 73' lang='lat' dir='ltr'>et</span> <span class='ocrx_word' id='word_1_138' title='bbox 1344 1473 1635 1525; x_wconf 86' lang='lat' dir='ltr'>molestiae.</span> <span class='ocrx_word' id='word_1_139' title='bbox 1751 1473 1818 1525; x_wconf 84' lang='grc'>87</span> 
     </span>
     <span class='ocr_line' id='line_1_20' title="bbox 133 1543 1822 1615; baseline 0.003 -21"><span class='ocrx_word' id='word_1_140' title='bbox 133 1543 274 1595; x_wconf 92' lang='lat' dir='ltr'>dum</span> <span class='ocrx_word' id='word_1_141' title='bbox 312 1547 421 1595; x_wconf 88' lang='lat' dir='ltr'>tua</span> <span class='ocrx_word' id='word_1_142' title='bbox 460 1544 644 1596; x_wconf 91' lang='lat' dir='ltr'>nauis</span> <span class='ocrx_word' id='word_1_143' title='bbox 684 1545 749 1596; x_wconf 91' lang='lat' dir='ltr'>in</span> <span class='ocrx_word' id='word_1_144' title='bbox 790 1545 921 1597; x_wconf 91' lang='lat' dir='ltr'>alto</span> <span class='ocrx_word' id='word_1_145' title='bbox 963 1547 1081 1597; x_wconf 87' lang='lat' dir='ltr'>est:</span> <span class='ocrx_word' id='word_1_146' title='bbox 1123 1563 1243 1597; x_wconf 91' lang='lat' dir='ltr'>cum</span> <span class='ocrx_word' id='word_1_147' title='bbox 1267 1564 1582 1615; x_wconf 89' lang='lat' dir='ltr'>prosperum</span> <span class='ocrx_word' id='word_1_148' title='bbox 1607 1565 1822 1599; x_wconf 90' lang='lat' dir='ltr'>cursum</span> 
     </span>
     <span class='ocr_line' id='line_1_21' title="bbox 130 1617 1889 1689; baseline 0.002 -21"><span class='ocrx_word' id='word_1_149' title='bbox 130 1617 398 1669; x_wconf 87' lang='lat' dir='ltr'>amicitiae</span> <span class='ocrx_word' id='word_1_150' title='bbox 450 1620 624 1685; x_wconf 81' lang='lat' dir='ltr'>tenes3</span> <span class='ocrx_word' id='word_1_151' title='bbox 680 1621 731 1669; x_wconf 87' lang='lat' dir='ltr'>et</span> <span class='ocrx_word' id='word_1_152' title='bbox 782 1622 863 1670; x_wconf 88' lang='lat' dir='ltr'>est</span> <span class='ocrx_word' id='word_1_153' title='bbox 912 1621 1099 1687; x_wconf 90' lang='lat' dir='ltr'>tropus</span> <span class='ocrx_word' id='word_1_154' title='bbox 1152 1620 1422 1689; x_wconf 80' lang='lat' dir='ltr'>allegoria.</span> <span class='ocrx_word' id='word_1_155' title='bbox 1539 1621 1607 1673; x_wconf 92' lang='lat'>88</span> <span class='ocrx_word' id='word_1_156' title='bbox 1662 1639 1737 1673; x_wconf 93' lang='lat' dir='ltr'>ne</span> <span class='ocrx_word' id='word_1_157' title='bbox 1778 1625 1823 1673; x_wconf 73' lang='lat' dir='ltr'>te</span> <span class='ocrx_word' id='word_1_158' title='bbox 1846 1640 1889 1672; x_wconf 84' lang='lat'>20</span> 
     </span>
     <span class='ocr_line' id='line_1_22' title="bbox 133 1691 1822 1761; baseline 0.003 -19"><span class='ocrx_word' id='word_1_159' title='bbox 133 1693 392 1743; x_wconf 88' lang='lat' dir='ltr'>mutata.</span> <span class='ocrx_word' id='word_1_160' title='bbox 468 1691 523 1743; x_wconf 91' lang='lat' dir='ltr'>id</span> <span class='ocrx_word' id='word_1_161' title='bbox 562 1695 665 1743; x_wconf 88' lang='lat' dir='ltr'>est:</span> <span class='ocrx_word' id='word_1_162' title='bbox 706 1710 773 1744; x_wconf 92' lang='lat' dir='ltr'>ne</span> <span class='ocrx_word' id='word_1_163' title='bbox 815 1693 882 1744; x_wconf 89' lang='lat' dir='ltr'>ob</span> <span class='ocrx_word' id='word_1_164' title='bbox 924 1692 1158 1761; x_wconf 88' lang='lat' dir='ltr'>aliquam</span> <span class='ocrx_word' id='word_1_165' title='bbox 1192 1693 1539 1747; x_wconf 86' lang='lat' dir='ltr'>offensionem</span> <span class='ocrx_word' id='word_1_166' title='bbox 1570 1695 1822 1747; x_wconf 90' lang='lat' dir='ltr'>merearis</span> 
     </span>
     <span class='ocr_line' id='line_1_23' title="bbox 135 1764 1820 1837; baseline 0.003 -22"><span class='ocrx_word' id='word_1_167' title='bbox 135 1764 356 1816; x_wconf 86' lang='lat' dir='ltr'>excludi.</span> <span class='ocrx_word' id='word_1_168' title='bbox 472 1765 540 1817; x_wconf 92' lang='lat'>88</span> <span class='ocrx_word' id='word_1_169' title='bbox 584 1784 757 1818; x_wconf 89' lang='lat' dir='ltr'>aura:</span> <span class='ocrx_word' id='word_1_170' title='bbox 807 1767 935 1832; x_wconf 90' lang='lat' dir='ltr'>[uel]</span> <span class='ocrx_word' id='word_1_171' title='bbox 975 1767 1152 1819; x_wconf 86' lang='lat' dir='ltr'>tenuis</span> <span class='ocrx_word' id='word_1_172' title='bbox 1193 1785 1254 1819; x_wconf 89' lang='lat' dir='ltr'>ac</span> <span class='ocrx_word' id='word_1_173' title='bbox 1292 1768 1426 1820; x_wconf 91' lang='lat' dir='ltr'>leuis</span> <span class='ocrx_word' id='word_1_174' title='bbox 1467 1769 1637 1837; x_wconf 87' lang='lat' dir='ltr'>culpa.</span> <span class='ocrx_word' id='word_1_175' title='bbox 1752 1769 1820 1822; x_wconf 86' lang='lat'>89</span> 
     </span>
     <span class='ocr_line' id='line_1_24' title="bbox 133 1838 1821 1909; baseline 0.004 -20"><span class='ocrx_word' id='word_1_176' title='bbox 133 1838 411 1890; x_wconf 89' lang='lat' dir='ltr'>oderunt</span> <span class='ocrx_word' id='word_1_177' title='bbox 459 1839 744 1891; x_wconf 90' lang='lat' dir='ltr'>hilarem.</span> <span class='ocrx_word' id='word_1_178' title='bbox 821 1840 907 1892; x_wconf 87' lang='lat' dir='ltr'>hic</span> <span class='ocrx_word' id='word_1_179' title='bbox 961 1841 1215 1909; x_wconf 86' lang='lat' dir='ltr'>ostendit,</span> <span class='ocrx_word' id='word_1_180' title='bbox 1271 1842 1498 1894; x_wconf 87' lang='lat' dir='ltr'>similem</span> <span class='ocrx_word' id='word_1_181' title='bbox 1560 1843 1821 1895; x_wconf 87' lang='lat' dir='ltr'>similibus</span> 
     </span>
     <span class='ocr_line' id='line_1_25' title="bbox 135 1912 1823 1984; baseline 0.004 -22"><span class='ocrx_word' id='word_1_182' title='bbox 135 1912 401 1964; x_wconf 87' lang='lat' dir='ltr'>delectari.</span> <span class='ocrx_word' id='word_1_183' title='bbox 517 1913 588 1964; x_wconf 77' lang='lat'>92</span> <span class='ocrx_word' id='word_1_184' title='bbox 652 1913 924 1965; x_wconf 89' lang='lat' dir='ltr'>oderunt</span> <span class='ocrx_word' id='word_1_185' title='bbox 984 1918 1344 1982; x_wconf 88' lang='lat' dir='ltr'>porrectan.</span> <span class='ocrx_word' id='word_1_186' title='bbox 1433 1916 1519 1968; x_wconf 90' lang='lat' dir='ltr'>hic</span> <span class='ocrx_word' id='word_1_187' title='bbox 1575 1917 1823 1984; x_wconf 77' lang='lat' dir='ltr'>ostendit,</span> 
     </span>
     <span class='ocr_line' id='line_1_26' title="bbox 134 1985 1889 2058; baseline 0.002 -22"><span class='ocrx_word' id='word_1_188' title='bbox 134 1985 261 2053; x_wconf 86' lang='lat' dir='ltr'>quid</span> <span class='ocrx_word' id='word_1_189' title='bbox 302 1986 372 2037; x_wconf 87' lang='lat' dir='ltr'>sit</span> <span class='ocrx_word' id='word_1_190' title='bbox 417 1986 580 2038; x_wconf 90' lang='lat' dir='ltr'>leuis</span> <span class='ocrx_word' id='word_1_191' title='bbox 637 2005 807 2054; x_wconf 79' lang='lat' dir='ltr'>aura,</span> <span class='ocrx_word' id='word_1_192' title='bbox 857 1988 959 2040; x_wconf 92' lang='lat' dir='ltr'>hoc</span> <span class='ocrx_word' id='word_1_193' title='bbox 998 1990 1099 2055; x_wconf 76' lang='lat' dir='ltr'>est,</span> <span class='ocrx_word' id='word_1_194' title='bbox 1149 2006 1317 2055; x_wconf 90' lang='lat' dir='ltr'>parua</span> <span class='ocrx_word' id='word_1_195' title='bbox 1358 2007 1540 2057; x_wconf 85' lang='lat' dir='ltr'>causa,</span> <span class='ocrx_word' id='word_1_196' title='bbox 1581 2008 1673 2042; x_wconf 90' lang='lat' dir='ltr'>cur</span> <span class='ocrx_word' id='word_1_197' title='bbox 1705 1991 1822 2058; x_wconf 91' lang='lat' dir='ltr'>quis</span> <span class='ocrx_word' id='word_1_198' title='bbox 1846 2007 1889 2040; x_wconf 83' lang='lat'>25</span> 
     </span>
     <span class='ocr_line' id='line_1_27' title="bbox 136 2060 1825 2128; baseline 0.004 -18"><span class='ocrx_word' id='word_1_199' title='bbox 136 2077 249 2111; x_wconf 91' lang='lat' dir='ltr'>non</span> <span class='ocrx_word' id='word_1_200' title='bbox 290 2061 510 2111; x_wconf 89' lang='lat' dir='ltr'>ametur.</span> <span class='ocrx_word' id='word_1_201' title='bbox 550 2061 584 2124; x_wconf 68' lang='grc' dir='ltr'>’ξ’</span> <span class='ocrx_word' id='word_1_202' title='bbox 622 2060 815 2128; x_wconf 88' lang='lat' dir='ltr'>pocula</span> <span class='ocrx_word' id='word_1_203' title='bbox 861 2079 944 2112; x_wconf 93' lang='lat' dir='ltr'>res</span> <span class='ocrx_word' id='word_1_204' title='bbox 987 2063 1165 2113; x_wconf 91' lang='lat' dir='ltr'>autem</span> <span class='ocrx_word' id='word_1_205' title='bbox 1204 2081 1315 2114; x_wconf 90' lang='lat' dir='ltr'>non</span> <span class='ocrx_word' id='word_1_206' title='bbox 1355 2066 1539 2114; x_wconf 87' lang='lat' dir='ltr'>amant</span> <span class='ocrx_word' id='word_1_207' title='bbox 1577 2064 1739 2116; x_wconf 90' lang='lat' dir='ltr'>etiam</span> <span class='ocrx_word' id='word_1_208' title='bbox 1779 2064 1825 2115; x_wconf 86' lang='lat' dir='ltr'>si</span> 
     </span>
     <span class='ocr_line' id='line_1_28' title="bbox 129 2132 1826 2190; baseline 0.004 -7"><span class='ocrx_word' id='word_1_209' title='bbox 129 2136 194 2184; x_wconf 89' lang='lat' dir='ltr'>tu</span> <span class='ocrx_word' id='word_1_210' title='bbox 233 2133 430 2185; x_wconf 89' lang='lat' dir='ltr'>malam</span> <span class='ocrx_word' id='word_1_211' title='bbox 471 2132 834 2186; x_wconf 90' lang='lat' dir='ltr'>ualetudinem</span> <span class='ocrx_word' id='word_1_212' title='bbox 875 2135 1125 2187; x_wconf 90' lang='lat' dir='ltr'>ostendas</span> <span class='ocrx_word' id='word_1_213' title='bbox 1178 2136 1244 2187; x_wconf 89' lang='lat' dir='ltr'>ad</span> <span class='ocrx_word' id='word_1_214' title='bbox 1284 2137 1682 2189; x_wconf 86' lang='lat' dir='ltr'>excusationem</span> <span class='ocrx_word' id='word_1_215' title='bbox 1713 2156 1826 2190; x_wconf 90' lang='lat' dir='ltr'>non</span> 
     </span>
     <span class='ocr_line' id='line_1_29' title="bbox 134 2205 1824 2276; baseline 0.004 -19"><span class='ocrx_word' id='word_1_216' title='bbox 134 2205 368 2275; x_wconf 82' lang='lat' dir='ltr'>bibendi,</span> <span class='ocrx_word' id='word_1_217' title='bbox 390 2210 681 2276; x_wconf 85' lang='lat' dir='ltr'>negantem</span> <span class='ocrx_word' id='word_1_218' title='bbox 713 2208 873 2260; x_wconf 90' lang='lat' dir='ltr'>etiam</span> <span class='ocrx_word' id='word_1_219' title='bbox 906 2211 1113 2261; x_wconf 87' lang='lat' dir='ltr'>mature</span> <span class='ocrx_word' id='word_1_220' title='bbox 1140 2213 1442 2262; x_wconf 89' lang='lat' dir='ltr'>causantur.</span> <span class='ocrx_word' id='word_1_221' title='bbox 1549 2212 1621 2264; x_wconf 84' lang='lat'>94</span> <span class='ocrx_word' id='word_1_222' title='bbox 1653 2212 1824 2264; x_wconf 91' lang='lat' dir='ltr'>deme</span> 
     </span>
     <span class='ocr_line' id='line_1_30' title="bbox 136 2281 1825 2353; baseline 0.004 -22"><span class='ocrx_word' id='word_1_223' title='bbox 136 2281 486 2348; x_wconf 85' lang='lat' dir='ltr'>supercilio</span> <span class='ocrx_word' id='word_1_224' title='bbox 526 2282 766 2333; x_wconf 90' lang='lat' dir='ltr'>nubem.</span> <span class='ocrx_word' id='word_1_225' title='bbox 844 2300 910 2333; x_wconf 91' lang='lat' dir='ltr'>ne</span> <span class='ocrx_word' id='word_1_226' title='bbox 950 2285 1025 2350; x_wconf 79' lang='lat' dir='ltr'>te,</span> <span class='ocrx_word' id='word_1_227' title='bbox 1075 2283 1270 2352; x_wconf 79' lang='lat' dir='ltr'>inquit,</span> <span class='ocrx_word' id='word_1_228' title='bbox 1320 2285 1530 2337; x_wconf 87' lang='lat' dir='ltr'>tristem</span> <span class='ocrx_word' id='word_1_229' title='bbox 1569 2287 1825 2353; x_wconf 88' lang='lat' dir='ltr'>praebeas</span> 
     </span>
     <span class='ocr_line' id='line_1_31' title="bbox 140 2354 1892 2425; baseline 0.003 -20"><span class='ocrx_word' id='word_1_230' title='bbox 140 2358 233 2405; x_wconf 89' lang='lat' dir='ltr'>aut</span> <span class='ocrx_word' id='word_1_231' title='bbox 270 2354 431 2406; x_wconf 92' lang='lat' dir='ltr'>nimis</span> <span class='ocrx_word' id='word_1_232' title='bbox 472 2373 730 2407; x_wconf 88' lang='lat' dir='ltr'>seuerum.</span> <span class='ocrx_word' id='word_1_233' title='bbox 806 2374 933 2407; x_wconf 90' lang='lat' dir='ltr'>nam</span> <span class='ocrx_word' id='word_1_234' title='bbox 982 2359 1201 2425; x_wconf 90' lang='lat' dir='ltr'>propter</span> <span class='ocrx_word' id='word_1_235' title='bbox 1250 2358 1381 2410; x_wconf 88' lang='lat' dir='ltr'>haec</span> <span class='ocrx_word' id='word_1_236' title='bbox 1432 2359 1590 2410; x_wconf 91' lang='lat' dir='ltr'>multi</span> <span class='ocrx_word' id='word_1_237' title='bbox 1645 2359 1825 2412; x_wconf 88' lang='lat' dir='ltr'>odium</span> <span class='ocrx_word' id='word_1_238' title='bbox 1849 2378 1892 2410; x_wconf 86' lang='lat'>30</span> 
     </span>
     <span class='ocr_line' id='line_1_32' title="bbox 140 2430 1827 2500; baseline 0.005 -22"><span class='ocrx_word' id='word_1_239' title='bbox 140 2431 533 2480; x_wconf 85' lang='lat' dir='ltr'>contraxerunt.</span> <span class='ocrx_word' id='word_1_240' title='bbox 693 2430 764 2481; x_wconf 82' lang='lat'>94</span> <span class='ocrx_word' id='word_1_241' title='bbox 831 2430 1202 2500; x_wconf 90' lang='lat' dir='ltr'>plerumque</span> <span class='ocrx_word' id='word_1_242' title='bbox 1268 2432 1610 2486; x_wconf 79' lang='lat' dir='ltr'>modest-us,</span> <span class='ocrx_word' id='word_1_243' title='bbox 1680 2434 1827 2486; x_wconf 87' lang='lat' dir='ltr'>deest</span> 
     </span>
    </p>
   </div>
   <div class='ocr_carea' id='block_1_3' title="bbox 169 2538 494 2543">
    <p class='ocr_par' dir='ltr' id='par_1_3' title="bbox 169 2538 494 2543">
     <span class='ocr_line' id='line_1_33' title="bbox 169 2538 494 2543; baseline 0 0"><span class='ocrx_word' id='word_1_244' title='bbox 169 2538 494 2543; x_wconf 95' lang='lat' dir='ltr'> </span> 
     </span>
    </p>
   </div>
   <div class='ocr_carea' id='block_1_4' title="bbox 137 2589 1828 2944">
    <p class='ocr_par' dir='ltr' id='par_1_4' title="bbox 137 2589 1828 2944">
     <span class='ocr_line' id='line_1_34' title="bbox 257 2589 1827 2649; baseline 0.003 -18"><span class='ocrx_word' id='word_1_245' title='bbox 257 2593 285 2631; x_wconf 88' lang='grc'>4</span> <span class='ocrx_word' id='word_1_246' title='bbox 315 2601 515 2644; x_wconf 87' lang='lat' dir='ltr'>peccaue</span> <span class='ocrx_word' id='word_1_247' title='bbox 545 2589 617 2641; x_wconf 58' lang='lat' dir='ltr'>(ivi</span> <span class='ocrx_word' id='word_1_248' title='bbox 646 2589 736 2644; x_wconf 67' lang='lat' dir='ltr'>fine</span> <span class='ocrx_word' id='word_1_249' title='bbox 768 2590 936 2644; x_wconf 75' lang='lat' dir='ltr'>lineae)</span> <span class='ocrx_word' id='word_1_250' title='bbox 968 2591 1030 2633; x_wconf 85' lang='lat' dir='ltr'><em>M</em></span> <span class='ocrx_word' id='word_1_251' title='bbox 1141 2596 1166 2635; x_wconf 88' lang='grc'><strong>6</strong></span> <span class='ocrx_word' id='word_1_252' title='bbox 1198 2604 1284 2648; x_wconf 89' lang='lat' dir='ltr'>pro</span> <span class='ocrx_word' id='word_1_253' title='bbox 1314 2591 1498 2649; x_wconf 86' lang='lat' dir='ltr'>integro</span> <span class='ocrx_word' id='word_1_254' title='bbox 1529 2606 1632 2636; x_wconf 53' lang='lat' dir='ltr'>izos:</span> <span class='ocrx_word' id='word_1_255' title='bbox 1674 2594 1827 2649; x_wconf 90' lang='lat' dir='ltr'>prote-</span> 
     </span>
     <span class='ocr_line' id='line_1_35' title="bbox 139 2647 1828 2707; baseline 0.004 -19"><span class='ocrx_word' id='word_1_256' title='bbox 139 2659 249 2702; x_wconf 88' lang='lat' dir='ltr'>gere</span> <span class='ocrx_word' id='word_1_257' title='bbox 283 2647 345 2689; x_wconf 87' lang='lat' dir='ltr'><em>M</em></span> <span class='ocrx_word' id='word_1_258' title='bbox 435 2651 459 2689; x_wconf 82' lang='grc'>7</span> <span class='ocrx_word' id='word_1_259' title='bbox 493 2649 862 2692; x_wconf 77' lang='lat' dir='ltr'>criminationem</span> <span class='ocrx_word' id='word_1_260' title='bbox 896 2649 959 2692; x_wconf 90' lang='lat' dir='ltr'><em>M</em></span> <span class='ocrx_word' id='word_1_261' title='bbox 1054 2654 1080 2692; x_wconf 86' lang='lat'>9</span> <span class='ocrx_word' id='word_1_262' title='bbox 1111 2651 1240 2694; x_wconf 88' lang='lat' dir='ltr'>tente</span> <span class='ocrx_word' id='word_1_263' title='bbox 1273 2651 1337 2694; x_wconf 88' lang='lat' dir='ltr'><em>M</em></span> <span class='ocrx_word' id='word_1_264' title='bbox 1442 2656 1494 2695; x_wconf 93' lang='grc'>12</span> <span class='ocrx_word' id='word_1_265' title='bbox 1526 2651 1617 2695; x_wconf 86' lang='lat' dir='ltr'>fuit</span> <span class='ocrx_word' id='word_1_266' title='bbox 1647 2652 1684 2695; x_wconf 63' lang='lat'>85</span> <span class='ocrx_word' id='word_1_267' title='bbox 1715 2651 1828 2707; x_wconf 86' lang='lat' dir='ltr'>quid</span> 
     </span>
     <span class='ocr_line' id='line_1_36' title="bbox 139 2705 1773 2764; baseline 0.004 -17"><span class='ocrx_word' id='word_1_268' title='bbox 139 2705 203 2747; x_wconf 87' lang='lat' dir='ltr'><em>M</em></span> <span class='ocrx_word' id='word_1_269' title='bbox 294 2711 346 2748; x_wconf 87' lang='lat'>13</span> <span class='ocrx_word' id='word_1_270' title='bbox 379 2708 450 2748; x_wconf 88' lang='lat' dir='ltr'>est</span> <span class='ocrx_word' id='word_1_271' title='bbox 480 2706 593 2761; x_wconf 86' lang='lat' dir='ltr'>quid</span> <span class='ocrx_word' id='word_1_272' title='bbox 627 2707 689 2749; x_wconf 88' lang='lat' dir='ltr'><em>M</em></span> <span class='ocrx_word' id='word_1_273' title='bbox 802 2713 854 2750; x_wconf 89' lang='grc'>16</span> <span class='ocrx_word' id='word_1_274' title='bbox 894 2709 1125 2764; x_wconf 82' lang='lat' dir='ltr'>inexperti</span> <span class='ocrx_word' id='word_1_275' title='bbox 1158 2710 1220 2752; x_wconf 89' lang='lat' dir='ltr'><em>M</em></span> <span class='ocrx_word' id='word_1_276' title='bbox 1339 2715 1391 2753; x_wconf 81' lang='lat'>17</span> <span class='ocrx_word' id='word_1_277' title='bbox 1426 2712 1677 2754; x_wconf 85' lang='lat' dir='ltr'>amititiam</span> <span class='ocrx_word' id='word_1_278' title='bbox 1710 2711 1773 2753; x_wconf 89' lang='lat' dir='ltr'><em>M</em></span> 
     </span>
     <span class='ocr_line' id='line_1_37' title="bbox 137 2766 1826 2824; baseline 0.004 -18"><span class='ocrx_word' id='word_1_279' title='bbox 137 2768 196 2806; x_wconf 93' lang='grc'>20</span> <span class='ocrx_word' id='word_1_280' title='bbox 221 2777 306 2806; x_wconf 92' lang='lat' dir='ltr'>ne.</span> <span class='ocrx_word' id='word_1_281' title='bbox 327 2798 337 2807; x_wconf 91' lang='lat'>.</span> <span class='ocrx_word' id='word_1_282' title='bbox 356 2766 427 2807; x_wconf 86' lang='lat' dir='ltr'>est</span> <span class='ocrx_word' id='word_1_283' title='bbox 449 2778 505 2809; x_wconf 87' lang='lat' dir='ltr'>m.</span> <span class='ocrx_word' id='word_1_284' title='bbox 539 2769 581 2808; x_wconf 91' lang='lat'>3.</span> <span class='ocrx_word' id='word_1_285' title='bbox 612 2779 764 2809; x_wconf 74' lang='lat' dir='ltr'>recens</span> <span class='ocrx_word' id='word_1_286' title='bbox 786 2767 838 2809; x_wconf 79' lang='lat' dir='ltr'>in</span> <span class='ocrx_word' id='word_1_287' title='bbox 861 2780 950 2810; x_wconf 74' lang='lat' dir='ltr'>raS.</span> <span class='ocrx_word' id='word_1_288' title='bbox 972 2767 1035 2810; x_wconf 87' lang='grc' dir='ltr'><strong>Μ</strong></span> <span class='ocrx_word' id='word_1_289' title='bbox 1122 2772 1176 2811; x_wconf 88' lang='grc'>22</span> <span class='ocrx_word' id='word_1_290' title='bbox 1196 2782 1309 2812; x_wconf 87' lang='lat' dir='ltr'>aura</span> <span class='ocrx_word' id='word_1_291' title='bbox 1340 2773 1417 2813; x_wconf 80' lang='lat' dir='ltr'>etc.</span> <span class='ocrx_word' id='word_1_292' title='bbox 1443 2774 1551 2824; x_wconf 76' lang='lat' dir='ltr'>post</span> <span class='ocrx_word' id='word_1_293' title='bbox 1572 2770 1661 2812; x_wconf 82' lang='lat' dir='ltr'>sch.</span> <span class='ocrx_word' id='word_1_294' title='bbox 1693 2784 1739 2813; x_wconf 79' lang='lat' dir='ltr'>u.</span> <span class='ocrx_word' id='word_1_295' title='bbox 1765 2774 1826 2813; x_wconf 79' lang='lat'>89</span> 
     </span>
     <span class='ocr_line' id='line_1_38' title="bbox 137 2823 1828 2882; baseline 0.004 -17"><span class='ocrx_word' id='word_1_296' title='bbox 137 2823 192 2866; x_wconf 78' lang='lat' dir='ltr'>in</span> <span class='ocrx_word' id='word_1_297' title='bbox 216 2823 279 2866; x_wconf 91' lang='lat' dir='ltr'><em>M</em></span> <span class='ocrx_word' id='word_1_298' title='bbox 305 2824 570 2879; x_wconf 87' lang='lat' dir='ltr'>porrectam</span> <span class='ocrx_word' id='word_1_299' title='bbox 596 2825 658 2867; x_wconf 89' lang='lat' dir='ltr'><em>M</em></span> <span class='ocrx_word' id='word_1_300' title='bbox 723 2830 778 2869; x_wconf 88' lang='grc'>26</span> <span class='ocrx_word' id='word_1_301' title='bbox 802 2825 974 2882; x_wconf 90' lang='lat' dir='ltr'>pocula</span> <span class='ocrx_word' id='word_1_302' title='bbox 988 2829 1280 2871; x_wconf 87' lang='lat' dir='ltr'>recusantem</span> <span class='ocrx_word' id='word_1_303' title='bbox 1295 2841 1385 2870; x_wconf 91' lang='lat' dir='ltr'>non</span> <span class='ocrx_word' id='word_1_304' title='bbox 1403 2829 1590 2873; x_wconf 88' lang='lat' dir='ltr'>amant.</span> <span class='ocrx_word' id='word_1_305' title='bbox 1612 2827 1828 2872; x_wconf 78' lang='lat' dir='ltr'>‚bibendi</span> 
     </span>
     <span class='ocr_line' id='line_1_39' title="bbox 137 2881 1826 2944; baseline 0.004 -20"><span class='ocrx_word' id='word_1_306' title='bbox 137 2881 169 2925; x_wconf 89' lang='lat' dir='ltr'>i.</span> <span class='ocrx_word' id='word_1_307' title='bbox 203 2895 240 2925; x_wconf 89' lang='lat' dir='ltr'>e.</span> <span class='ocrx_word' id='word_1_308' title='bbox 273 2895 366 2925; x_wconf 91' lang='lat' dir='ltr'>non</span> <span class='ocrx_word' id='word_1_309' title='bbox 408 2885 569 2926; x_wconf 86' lang='lat' dir='ltr'>amant</span> <span class='ocrx_word' id='word_1_310' title='bbox 605 2884 856 2941; x_wconf 89' lang='lat' dir='ltr'>negantem</span> <span class='ocrx_word' id='word_1_311' title='bbox 897 2884 1041 2928; x_wconf 87' lang='lat' dir='ltr'>etiam</span> <span class='ocrx_word' id='word_1_312' title='bbox 1080 2886 1120 2929; x_wconf 83' lang='lat' dir='ltr'>si</span> <span class='ocrx_word' id='word_1_313' title='bbox 1158 2888 1374 2930; x_wconf 88' lang='lat' dir='ltr'>naturam</span> <span class='ocrx_word' id='word_1_314' title='bbox 1406 2888 1624 2931; x_wconf 82' lang='lat' dir='ltr'>causatur</span> <span class='ocrx_word' id='word_1_315' title='bbox 1657 2887 1826 2944; x_wconf 72' lang='lat' dir='ltr'>Pauly.</span> 
     </span>
    </p>
   </div>
   <div class='ocr_carea' id='block_1_5' title="bbox 12 2936 1827 3000">
    <p class='ocr_par' dir='ltr' id='par_1_5' title="bbox 12 2936 1827 3000">
     <span class='ocr_line' id='line_1_40' title="bbox 12 2936 1827 3000; baseline 0.004 -18"><span class='ocrx_word' id='word_1_316' title='bbox 12 2936 16 2938; x_wconf 64' lang='grc'>’</span> <span class='ocrx_word' id='word_1_317' title='bbox 98 2941 324 2996; x_wconf 78' lang='lat' dir='ltr'>&#39;potores</span> <span class='ocrx_word' id='word_1_318' title='bbox 372 2942 528 2984; x_wconf 88' lang='lat' dir='ltr'>autem</span> <span class='ocrx_word' id='word_1_319' title='bbox 575 2955 667 2985; x_wconf 91' lang='lat' dir='ltr'>non</span> <span class='ocrx_word' id='word_1_320' title='bbox 710 2944 872 2987; x_wconf 87' lang='lat' dir='ltr'>amant</span> <span class='ocrx_word' id='word_1_321' title='bbox 905 2977 914 2987; x_wconf 92' lang='lat'>.</span> <span class='ocrx_word' id='word_1_322' title='bbox 949 2979 958 2987; x_wconf 91' lang='lat'>.</span> <span class='ocrx_word' id='word_1_323' title='bbox 991 2947 1243 3000; x_wconf 86' lang='lat' dir='ltr'>negantem</span> <span class='ocrx_word' id='word_1_324' title='bbox 1290 2948 1336 2989; x_wconf 91' lang='lat' dir='ltr'>et</span> <span class='ocrx_word' id='word_1_325' title='bbox 1376 2946 1520 2989; x_wconf 89' lang='lat' dir='ltr'>etiam</span> <span class='ocrx_word' id='word_1_326' title='bbox 1562 2946 1675 2990; x_wconf 87' lang='lat' dir='ltr'>dure</span> <span class='ocrx_word' id='word_1_327' title='bbox 1722 2960 1827 2991; x_wconf 86' lang='lat' dir='ltr'>cau-</span> 
     </span>
    </p>
   </div>
   <div class='ocr_carea' id='block_1_6' title="bbox 139 3000 1713 3050">
    <p class='ocr_par' dir='ltr' id='par_1_6' title="bbox 139 3000 1713 3050">
     <span class='ocr_line' id='line_1_41' title="bbox 139 3000 1713 3050; baseline 0.004 -8"><span class='ocrx_word' id='word_1_328' title='bbox 139 3000 301 3043; x_wconf 82' lang='lat' dir='ltr'>santur</span> <span class='ocrx_word' id='word_1_329' title='bbox 331 3013 413 3044; x_wconf 75' lang='lat' dir='ltr'>nos</span> <span class='ocrx_word' id='word_1_330' title='bbox 504 3005 559 3044; x_wconf 90' lang='lat'>30</span> <span class='ocrx_word' id='word_1_331' title='bbox 591 3000 722 3045; x_wconf 90' lang='lat' dir='ltr'>hanc·</span> <span class='ocrx_word' id='word_1_332' title='bbox 745 3002 807 3045; x_wconf 89' lang='lat' dir='ltr'><em>M</em></span> <span class='ocrx_word' id='word_1_333' title='bbox 894 3007 947 3045; x_wconf 90' lang='lat'>31</span> <span class='ocrx_word' id='word_1_334' title='bbox 983 3005 1298 3048; x_wconf 79' lang='lat' dir='ltr'>contraxerint</span> <span class='ocrx_word' id='word_1_335' title='bbox 1331 3005 1394 3047; x_wconf 88' lang='lat' dir='ltr'><em>M</em></span> <span class='ocrx_word' id='word_1_336' title='bbox 1479 3005 1617 3050; x_wconf 88' lang='lat' dir='ltr'>modo</span> <span class='ocrx_word' id='word_1_337' title='bbox 1652 3006 1713 3048; x_wconf 90' lang='lat' dir='ltr'><em>M</em></span> 
     </span>
    </p>
   </div>
  </div>
 </body>
</html>
