<?xml version="1.0" encoding="UTF-8"?>
<!DOCTYPE html PUBLIC "-//W3C//DTD XHTML 1.0 Transitional//EN"
    "http://www.w3.org/TR/xhtml1/DTD/xhtml1-transitional.dtd">
<html xmlns="http://www.w3.org/1999/xhtml" xml:lang="en" lang="en">
 <head>
  <title>
</title>
<meta http-equiv="Content-Type" content="text/html;charset=utf-8" />
  <meta name='ocr-system' content='tesseract 3.04.00' />
  <meta name='ocr-capabilities' content='ocr_page ocr_carea ocr_par ocr_line ocrx_word'/>
</head>
<body>
  <div class='ocr_page' id='page_1' title='image "./pomponiiporphyri00pomp_0349.png"; bbox 0 0 1939 3197; ppageno 0'>
   <div class='ocr_carea' id='block_1_1' title="bbox 539 83 1750 140">
    <p class='ocr_par' dir='ltr' id='par_1_1' title="bbox 539 83 1750 140">
     <span class='ocr_line' id='line_1_1' title="bbox 539 83 1750 140; baseline 0.008 -13"><span class='ocrx_word' id='word_1_1' title='bbox 539 83 837 128; x_wconf 82' lang='lat' dir='ltr'><strong>EPISTULA</strong></span> <span class='ocrx_word' id='word_1_2' title='bbox 872 84 926 140; x_wconf 87' lang='lat' dir='ltr'>II,</span> <span class='ocrx_word' id='word_1_3' title='bbox 961 89 999 140; x_wconf 81' lang='lat'>2,</span> <span class='ocrx_word' id='word_1_4' title='bbox 1036 88 1282 128; x_wconf 73' lang='lat' dir='ltr'>ico—114.</span> <span class='ocrx_word' id='word_1_5' title='bbox 1513 127 1517 130; x_wconf 93' lang='lat'><em>.</em></span> <span class='ocrx_word' id='word_1_6' title='bbox 1643 84 1750 136; x_wconf 78' lang='lat'>335</span> 
     </span>
    </p>
   </div>
   <div class='ocr_carea' id='block_1_2' title="bbox 59 217 1815 1471">
    <p class='ocr_par' dir='ltr' id='par_1_2' title="bbox 60 217 1791 879">
     <span class='ocr_line' id='line_1_2' title="bbox 67 217 1747 288; baseline 0 -16"><span class='ocrx_word' id='word_1_7' title='bbox 67 221 342 273; x_wconf 48' lang='lat' dir='ltr'>zimachsmn</span> <span class='ocrx_word' id='word_1_8' title='bbox 386 237 520 272; x_wconf 88' lang='lat' dir='ltr'>uoco</span> <span class='ocrx_word' id='word_1_9' title='bbox 531 261 544 288; x_wconf 83' lang='lat'><em>,</em></span> <span class='ocrx_word' id='word_1_10' title='bbox 591 222 652 270; x_wconf 91' lang='lat' dir='ltr'>ut</span> <span class='ocrx_word' id='word_1_11' title='bbox 698 236 781 270; x_wconf 92' lang='lat' dir='ltr'>me</span> <span class='ocrx_word' id='word_1_12' title='bbox 828 219 917 271; x_wconf 87' lang='lat' dir='ltr'>ille</span> <span class='ocrx_word' id='word_1_13' title='bbox 959 217 1216 271; x_wconf 78' lang='lat' dir='ltr'><strong>Alcaeum</strong></span> <span class='ocrx_word' id='word_1_14' title='bbox 1262 219 1522 271; x_wconf 88' lang='lat' dir='ltr'>nominat.</span> <span class='ocrx_word' id='word_1_15' title='bbox 1642 221 1747 272; x_wconf 95' lang='grc'>100</span> 
     </span>
     <span class='ocr_line' id='line_1_3' title="bbox 66 293 1749 362; baseline -0.001 -15"><span class='ocrx_word' id='word_1_16' title='bbox 66 295 116 346; x_wconf 93' lang='lat' dir='ltr'>si</span> <span class='ocrx_word' id='word_1_17' title='bbox 162 295 304 362; x_wconf 92' lang='lat' dir='ltr'>plus</span> <span class='ocrx_word' id='word_1_18' title='bbox 352 294 704 362; x_wconf 77' lang='lat' dir='ltr'>adposcere</span> <span class='ocrx_word' id='word_1_19' title='bbox 752 293 952 345; x_wconf 86' lang='lat' dir='ltr'>uisus:</span> <span class='ocrx_word' id='word_1_20' title='bbox 1001 294 1047 344; x_wconf 92' lang='lat' dir='ltr'>si</span> <span class='ocrx_word' id='word_1_21' title='bbox 1092 293 1195 345; x_wconf 92' lang='lat' dir='ltr'>hoc</span> <span class='ocrx_word' id='word_1_22' title='bbox 1241 293 1319 344; x_wconf 90' lang='lat' dir='ltr'>illi</span> <span class='ocrx_word' id='word_1_23' title='bbox 1358 311 1548 361; x_wconf 92' lang='lat' dir='ltr'>parum</span> <span class='ocrx_word' id='word_1_24' title='bbox 1586 294 1749 345; x_wconf 87' lang='lat' dir='ltr'>fuerit</span> 
     </span>
     <span class='ocr_line' id='line_1_4' title="bbox 65 366 1748 436; baseline -0.001 -16"><span class='ocrx_word' id='word_1_25' title='bbox 65 372 119 420; x_wconf 88' lang='lat' dir='ltr'>et</span> <span class='ocrx_word' id='word_1_26' title='bbox 163 369 283 436; x_wconf 90' lang='lat' dir='ltr'>plus</span> <span class='ocrx_word' id='word_1_27' title='bbox 332 387 363 419; x_wconf 92' lang='lat' dir='ltr'>a</span> <span class='ocrx_word' id='word_1_28' title='bbox 409 385 494 419; x_wconf 91' lang='lat' dir='ltr'>me</span> <span class='ocrx_word' id='word_1_29' title='bbox 541 366 777 436; x_wconf 83' lang='lat' dir='ltr'>exegerit</span> <span class='ocrx_word' id='word_1_30' title='bbox 820 366 1008 418; x_wconf 82' lang='lat' dir='ltr'>laudis,</span> <span class='ocrx_word' id='word_1_31' title='bbox 1101 369 1155 418; x_wconf 90' lang='lat' dir='ltr'>et</span> <span class='ocrx_word' id='word_1_32' title='bbox 1206 367 1294 419; x_wconf 89' lang='lat' dir='ltr'>hic</span> <span class='ocrx_word' id='word_1_33' title='bbox 1350 367 1583 420; x_wconf 89' lang='lat' dir='ltr'>ostendit</span> <span class='ocrx_word' id='word_1_34' title='bbox 1637 386 1748 419; x_wconf 93' lang='lat' dir='ltr'>non</span> 
     </span>
     <span class='ocr_line' id='line_1_5' title="bbox 62 441 1743 510; baseline -0.001 -17"><span class='ocrx_word' id='word_1_35' title='bbox 62 460 160 510; x_wconf 93' lang='lat' dir='ltr'>pro</span> <span class='ocrx_word' id='word_1_36' title='bbox 208 442 396 493; x_wconf 86' lang='lat' dir='ltr'>merito</span> <span class='ocrx_word' id='word_1_37' title='bbox 446 444 632 509; x_wconf 89' lang='lat' dir='ltr'>poetas</span> <span class='ocrx_word' id='word_1_38' title='bbox 681 441 772 493; x_wconf 93' lang='lat' dir='ltr'>sed</span> <span class='ocrx_word' id='word_1_39' title='bbox 819 459 915 509; x_wconf 91' lang='lat' dir='ltr'>pro</span> <span class='ocrx_word' id='word_1_40' title='bbox 964 442 1244 493; x_wconf 90' lang='lat' dir='ltr'>uoluntate</span> <span class='ocrx_word' id='word_1_41' title='bbox 1291 441 1512 493; x_wconf 87' lang='lat' dir='ltr'>laudari.</span> <span class='ocrx_word' id='word_1_42' title='bbox 1643 441 1743 493; x_wconf 82' lang='lat'>101</span> 
     </span>
     <span class='ocr_line' id='line_1_6' title="bbox 64 514 1791 583; baseline -0.003 -15"><span class='ocrx_word' id='word_1_43' title='bbox 64 516 310 583; x_wconf 87' lang='lat' dir='ltr'>optiuo:</span> <span class='ocrx_word' id='word_1_44' title='bbox 359 515 613 583; x_wconf 89' lang='lat' dir='ltr'>adoptiuo</span> <span class='ocrx_word' id='word_1_45' title='bbox 663 519 715 567; x_wconf 92' lang='lat' dir='ltr'>et</span> <span class='ocrx_word' id='word_1_46' title='bbox 762 515 979 567; x_wconf 88' lang='lat' dir='ltr'>adscito.</span> <span class='ocrx_word' id='word_1_47' title='bbox 1072 514 1302 567; x_wconf 78' lang='lat' dir='ltr'>Alcaeus</span> <span class='ocrx_word' id='word_1_48' title='bbox 1358 518 1538 567; x_wconf 88' lang='lat' dir='ltr'>autem</span> <span class='ocrx_word' id='word_1_49' title='bbox 1591 515 1791 583; x_wconf 87' lang='lat' dir='ltr'>lyrici5</span> 
     </span>
     <span class='ocr_line' id='line_1_7' title="bbox 63 587 1747 658; baseline -0.001 -17"><span class='ocrx_word' id='word_1_50' title='bbox 63 590 331 657; x_wconf 82' lang='lat' dir='ltr'>carminis,</span> <span class='ocrx_word' id='word_1_51' title='bbox 372 587 732 641; x_wconf 77' lang='lat' dir='ltr'>Callimachus</span> <span class='ocrx_word' id='word_1_52' title='bbox 774 589 993 657; x_wconf 81' lang='lat' dir='ltr'>elegiaci</span> <span class='ocrx_word' id='word_1_53' title='bbox 1036 592 1222 641; x_wconf 89' lang='lat' dir='ltr'>auctor</span> <span class='ocrx_word' id='word_1_54' title='bbox 1262 592 1356 658; x_wconf 78' lang='lat' dir='ltr'>est,</span> <span class='ocrx_word' id='word_1_55' title='bbox 1395 589 1747 640; x_wconf 85' lang='lat' dir='ltr'>Mimnermus</span> 
     </span>
     <span class='ocr_line' id='line_1_8' title="bbox 63 663 1747 731; baseline -0.001 -16"><span class='ocrx_word' id='word_1_56' title='bbox 63 663 196 716; x_wconf 86' lang='lat' dir='ltr'>duos</span> <span class='ocrx_word' id='word_1_57' title='bbox 235 663 402 716; x_wconf 92' lang='lat' dir='ltr'>libros</span> <span class='ocrx_word' id='word_1_58' title='bbox 442 663 766 715; x_wconf 85' lang='lat' dir='ltr'>luculentius</span> <span class='ocrx_word' id='word_1_59' title='bbox 818 663 1044 731; x_wconf 87' lang='lat' dir='ltr'>scripsit.</span> <span class='ocrx_word' id='word_1_60' title='bbox 1200 663 1304 715; x_wconf 75' lang='lat'>102</span> <span class='ocrx_word' id='word_1_61' title='bbox 1352 664 1556 715; x_wconf 88' lang='lat' dir='ltr'>multa</span> <span class='ocrx_word' id='word_1_62' title='bbox 1593 663 1747 715; x_wconf 86' lang='lat' dir='ltr'>fero.</span> 
     </span>
     <span class='ocr_line' id='line_1_9' title="bbox 62 736 1747 807; baseline -0.001 -18"><span class='ocrx_word' id='word_1_63' title='bbox 62 738 254 805; x_wconf 83' lang='lat' dir='ltr'>multa,</span> <span class='ocrx_word' id='word_1_64' title='bbox 301 737 501 807; x_wconf 80' lang='lat' dir='ltr'>inquit,</span> <span class='ocrx_word' id='word_1_65' title='bbox 552 738 750 805; x_wconf 80' lang='lat' dir='ltr'>patior,</span> <span class='ocrx_word' id='word_1_66' title='bbox 790 754 857 788; x_wconf 90' lang='lat' dir='ltr'>ne</span> <span class='ocrx_word' id='word_1_67' title='bbox 897 736 1029 788; x_wconf 91' lang='lat' dir='ltr'>mihi</span> <span class='ocrx_word' id='word_1_68' title='bbox 1068 739 1259 804; x_wconf 88' lang='lat' dir='ltr'>poetae</span> <span class='ocrx_word' id='word_1_69' title='bbox 1298 737 1614 805; x_wconf 73' lang='lat' dir='ltr'>irascantur,</span> <span class='ocrx_word' id='word_1_70' title='bbox 1655 737 1747 788; x_wconf 90' lang='lat' dir='ltr'>sed</span> 
     </span>
     <span class='ocr_line' id='line_1_10' title="bbox 60 811 1624 879; baseline -0.001 -16"><span class='ocrx_word' id='word_1_71' title='bbox 60 814 174 863; x_wconf 88' lang='lat' dir='ltr'>tam</span> <span class='ocrx_word' id='word_1_72' title='bbox 214 811 303 863; x_wconf 91' lang='lat' dir='ltr'>diu</span> <span class='ocrx_word' id='word_1_73' title='bbox 345 830 504 879; x_wconf 87' lang='lat' dir='ltr'>quam</span> <span class='ocrx_word' id='word_1_74' title='bbox 542 811 657 879; x_wconf 84' lang='lat' dir='ltr'>ipse</span> <span class='ocrx_word' id='word_1_75' title='bbox 698 811 934 862; x_wconf 86' lang='lat' dir='ltr'>scribens</span> <span class='ocrx_word' id='word_1_76' title='bbox 975 811 1183 862; x_wconf 90' lang='lat' dir='ltr'>laudari</span> <span class='ocrx_word' id='word_1_77' title='bbox 1230 829 1312 862; x_wconf 90' lang='lat' dir='ltr'>me</span> <span class='ocrx_word' id='word_1_78' title='bbox 1362 814 1624 879; x_wconf 86' lang='lat' dir='ltr'>exspecto.</span> 
     </span>
    </p>

    <p class='ocr_par' dir='ltr' id='par_1_3' title="bbox 59 884 1815 1471">
     <span class='ocr_line' id='line_1_11' title="bbox 65 884 1815 954; baseline -0.002 -17"><span class='ocrx_word' id='word_1_79' title='bbox 65 886 171 937; x_wconf 82' lang='grc'>102</span> <span class='ocrx_word' id='word_1_80' title='bbox 209 885 573 936; x_wconf 85' lang='lat' dir='ltr'>inritabile:</span> <span class='ocrx_word' id='word_1_81' title='bbox 620 884 936 936; x_wconf 91' lang='lat' dir='ltr'>iracundum</span> <span class='ocrx_word' id='word_1_82' title='bbox 985 902 1046 936; x_wconf 93' lang='lat' dir='ltr'>ac</span> <span class='ocrx_word' id='word_1_83' title='bbox 1092 884 1404 954; x_wconf 32' lang='lat' dir='ltr'>litigiosum‘</span> <span class='ocrx_word' id='word_1_84' title='bbox 1522 885 1628 936; x_wconf 83' lang='grc'>104</span> <span class='ocrx_word' id='word_1_85' title='bbox 1666 884 1745 935; x_wconf 81' lang='lat' dir='ltr'>fi·</span> <span class='ocrx_word' id='word_1_86' title='bbox 1772 902 1815 933; x_wconf 84' lang='lat'>10</span> 
     </span>
     <span class='ocr_line' id='line_1_12' title="bbox 60 958 1746 1026; baseline -0.001 -15"><span class='ocrx_word' id='word_1_87' title='bbox 60 959 220 1011; x_wconf 88' lang='lat' dir='ltr'>nitis</span> <span class='ocrx_word' id='word_1_88' title='bbox 271 958 519 1011; x_wconf 85' lang='lat' dir='ltr'>studiis.</span> <span class='ocrx_word' id='word_1_89' title='bbox 603 958 796 1026; x_wconf 82' lang='lat' dir='ltr'>finitis,</span> <span class='ocrx_word' id='word_1_90' title='bbox 841 958 1037 1026; x_wconf 81' lang='lat' dir='ltr'>inquit,</span> <span class='ocrx_word' id='word_1_91' title='bbox 1087 958 1426 1010; x_wconf 85' lang='lat' dir='ltr'>carminibus.</span> <span class='ocrx_word' id='word_1_92' title='bbox 1512 961 1565 1010; x_wconf 92' lang='lat' dir='ltr'>et</span> <span class='ocrx_word' id='word_1_93' title='bbox 1610 959 1746 1010; x_wconf 91' lang='lat' dir='ltr'>bene</span> 
     </span>
     <span class='ocr_line' id='line_1_13' title="bbox 60 1033 1747 1102; baseline -0.001 -17"><span class='ocrx_word' id='word_1_94' title='bbox 60 1036 322 1102; x_wconf 90' lang='lat' dir='ltr'>recepta</span> <span class='ocrx_word' id='word_1_95' title='bbox 368 1036 596 1100; x_wconf 73' lang='lat' dir='ltr'>mente,</span> <span class='ocrx_word' id='word_1_96' title='bbox 646 1036 923 1100; x_wconf 78' lang='lat' dir='ltr'>tamquam</span> <span class='ocrx_word' id='word_1_97' title='bbox 971 1050 1034 1083; x_wconf 86' lang='lat' dir='ltr'>ex</span> <span class='ocrx_word' id='word_1_98' title='bbox 1080 1033 1293 1084; x_wconf 88' lang='lat' dir='ltr'>insania</span> <span class='ocrx_word' id='word_1_99' title='bbox 1337 1033 1577 1100; x_wconf 90' lang='lat' dir='ltr'>poeticae</span> <span class='ocrx_word' id='word_1_100' title='bbox 1625 1050 1747 1100; x_wconf 92' lang='lat' dir='ltr'>pro-</span> 
     </span>
     <span class='ocr_line' id='line_1_14' title="bbox 60 1106 1746 1174; baseline -0.001 -16"><span class='ocrx_word' id='word_1_101' title='bbox 60 1107 310 1160; x_wconf 86' lang='lat' dir='ltr'>fessionis</span> <span class='ocrx_word' id='word_1_102' title='bbox 361 1107 426 1158; x_wconf 91' lang='lat' dir='ltr'>ad</span> <span class='ocrx_word' id='word_1_103' title='bbox 473 1126 556 1159; x_wconf 91' lang='lat' dir='ltr'>me</span> <span class='ocrx_word' id='word_1_104' title='bbox 604 1107 829 1158; x_wconf 71' lang='lat' dir='ltr'>rediens</span> <span class='ocrx_word' id='word_1_105' title='bbox 986 1106 1090 1158; x_wconf 78' lang='lat'>105</span> <span class='ocrx_word' id='word_1_106' title='bbox 1139 1107 1429 1158; x_wconf 89' lang='lat' dir='ltr'>obturem</span> <span class='ocrx_word' id='word_1_107' title='bbox 1475 1107 1746 1174; x_wconf 90' lang='lat' dir='ltr'>patulas.</span> 
     </span>
     <span class='ocr_line' id='line_1_15' title="bbox 60 1180 1746 1247; baseline -0.001 -14"><span class='ocrx_word' id='word_1_108' title='bbox 60 1199 172 1233; x_wconf 91' lang='lat' dir='ltr'>non</span> <span class='ocrx_word' id='word_1_109' title='bbox 220 1182 393 1233; x_wconf 91' lang='lat' dir='ltr'>solum</span> <span class='ocrx_word' id='word_1_110' title='bbox 439 1200 551 1233; x_wconf 93' lang='lat' dir='ltr'>non</span> <span class='ocrx_word' id='word_1_111' title='bbox 597 1180 851 1247; x_wconf 83' lang='lat' dir='ltr'>laudabO,</span> <span class='ocrx_word' id='word_1_112' title='bbox 902 1180 992 1231; x_wconf 92' lang='lat' dir='ltr'>sed</span> <span class='ocrx_word' id='word_1_113' title='bbox 1042 1180 1204 1232; x_wconf 89' lang='lat' dir='ltr'>etiam</span> <span class='ocrx_word' id='word_1_114' title='bbox 1259 1180 1541 1232; x_wconf 91' lang='lat' dir='ltr'>obcludam</span> <span class='ocrx_word' id='word_1_115' title='bbox 1593 1198 1746 1231; x_wconf 86' lang='lat' dir='ltr'>aures</span> 
     </span>
     <span class='ocr_line' id='line_1_16' title="bbox 59 1254 1813 1324; baseline -0.002 -18"><span class='ocrx_word' id='word_1_116' title='bbox 59 1273 127 1307; x_wconf 92' lang='lat' dir='ltr'>iie</span> <span class='ocrx_word' id='word_1_117' title='bbox 163 1273 327 1324; x_wconf 81' lang='lat' dir='ltr'>quem</span> <span class='ocrx_word' id='word_1_118' title='bbox 352 1255 565 1306; x_wconf 86' lang='lat' dir='ltr'>audiam</span> <span class='ocrx_word' id='word_1_119' title='bbox 589 1254 919 1306; x_wconf 71' lang='lat' dir='ltr'>recitantem.</span> <span class='ocrx_word' id='word_1_120' title='bbox 1015 1255 1117 1306; x_wconf 87' lang='grc'>106</span> <span class='ocrx_word' id='word_1_121' title='bbox 1158 1254 1468 1306; x_wconf 85' lang='lat' dir='ltr'>ridentur.</span> <span class='ocrx_word' id='word_1_122' title='bbox 1533 1272 1744 1306; x_wconf 90' lang='lat' dir='ltr'>sensus:</span> <span class='ocrx_word' id='word_1_123' title='bbox 1773 1270 1813 1302; x_wconf 83' lang='lat'>15</span> 
     </span>
     <span class='ocr_line' id='line_1_17' title="bbox 59 1328 1745 1398; baseline -0.001 -17"><span class='ocrx_word' id='word_1_124' title='bbox 59 1329 302 1381; x_wconf 88' lang='lat' dir='ltr'>ridentur</span> <span class='ocrx_word' id='word_1_125' title='bbox 342 1329 571 1398; x_wconf 77' lang='lat' dir='ltr'>quidem,</span> <span class='ocrx_word' id='word_1_126' title='bbox 612 1329 703 1380; x_wconf 91' lang='lat' dir='ltr'>sed</span> <span class='ocrx_word' id='word_1_127' title='bbox 741 1332 925 1380; x_wconf 88' lang='lat' dir='ltr'>tamen</span> <span class='ocrx_word' id='word_1_128' title='bbox 965 1328 1298 1380; x_wconf 85' lang='lat' dir='ltr'>delectantur</span> <span class='ocrx_word' id='word_1_129' title='bbox 1336 1328 1580 1380; x_wconf 91' lang='lat' dir='ltr'>uersibus</span> <span class='ocrx_word' id='word_1_130' title='bbox 1622 1329 1745 1380; x_wconf 81' lang='lat' dir='ltr'>suis,</span> 
     </span>
     <span class='ocr_line' id='line_1_18' title="bbox 62 1402 1744 1471; baseline -0.002 -15"><span class='ocrx_word' id='word_1_131' title='bbox 62 1403 297 1456; x_wconf 84' lang='lat' dir='ltr'>ostendit</span> <span class='ocrx_word' id='word_1_132' title='bbox 344 1406 544 1471; x_wconf 79' lang='lat' dir='ltr'>autem,</span> <span class='ocrx_word' id='word_1_133' title='bbox 593 1421 753 1471; x_wconf 90' lang='lat' dir='ltr'>quam</span> <span class='ocrx_word' id='word_1_134' title='bbox 807 1402 1135 1455; x_wconf 90' lang='lat' dir='ltr'>laboriosum</span> <span class='ocrx_word' id='word_1_135' title='bbox 1192 1403 1261 1454; x_wconf 89' lang='lat' dir='ltr'>sit</span> <span class='ocrx_word' id='word_1_136' title='bbox 1316 1402 1744 1454; x_wconf 86' lang='lat' dir='ltr'>emendatissime</span> 
     </span>
    </p>
   </div>
   <div class='ocr_carea' id='block_1_3' title="bbox 3 1477 1744 1530">
    <p class='ocr_par' dir='ltr' id='par_1_4' title="bbox 3 1477 1744 1530">
     <span class='ocr_line' id='line_1_19' title="bbox 3 1477 1744 1530; baseline -0.001 0"><span class='ocrx_word' id='word_1_137' title='bbox 3 1486 8 1487; x_wconf 48' lang='lat'><em>⁷</em></span> <span class='ocrx_word' id='word_1_138' title='bbox 61 1477 304 1530; x_wconf 87' lang='lat' dir='ltr'>scribere.</span> <span class='ocrx_word' id='word_1_139' title='bbox 460 1478 561 1529; x_wconf 84' lang='lat'>107</span> <span class='ocrx_word' id='word_1_140' title='bbox 605 1480 665 1528; x_wconf 90' lang='lat' dir='ltr'>et</span> <span class='ocrx_word' id='word_1_141' title='bbox 705 1494 766 1528; x_wconf 92' lang='lat' dir='ltr'>se</span> <span class='ocrx_word' id='word_1_142' title='bbox 806 1479 1223 1528; x_wconf 90' lang='lat' dir='ltr'>uenerantur:</span> <span class='ocrx_word' id='word_1_143' title='bbox 1264 1477 1530 1528; x_wconf 91' lang='lat' dir='ltr'>mirantur</span> <span class='ocrx_word' id='word_1_144' title='bbox 1569 1494 1630 1528; x_wconf 90' lang='lat' dir='ltr'>ac</span> <span class='ocrx_word' id='word_1_145' title='bbox 1671 1477 1744 1528; x_wconf 90' lang='lat' dir='ltr'>di-</span> 
     </span>
    </p>
   </div>
   <div class='ocr_carea' id='block_1_4' title="bbox 57 1550 1813 2432">
    <p class='ocr_par' dir='ltr' id='par_1_5' title="bbox 57 1550 1813 2432">
     <span class='ocr_line' id='line_1_20' title="bbox 59 1550 1745 1620; baseline -0.002 -16"><span class='ocrx_word' id='word_1_146' title='bbox 59 1552 215 1604; x_wconf 88' lang='lat' dir='ltr'>uinos</span> <span class='ocrx_word' id='word_1_147' title='bbox 261 1554 448 1620; x_wconf 90' lang='lat' dir='ltr'>poetas</span> <span class='ocrx_word' id='word_1_148' title='bbox 499 1569 553 1603; x_wconf 90' lang='lat' dir='ltr'>se</span> <span class='ocrx_word' id='word_1_149' title='bbox 601 1554 814 1603; x_wconf 87' lang='lat' dir='ltr'>uocant.</span> <span class='ocrx_word' id='word_1_150' title='bbox 969 1551 1071 1603; x_wconf 80' lang='grc'>108</span> <span class='ocrx_word' id='word_1_151' title='bbox 1120 1551 1390 1602; x_wconf 91' lang='lat' dir='ltr'>laudant</span> <span class='ocrx_word' id='word_1_152' title='bbox 1437 1550 1745 1619; x_wconf 88' lang='lat' dir='ltr'>quidquid</span> 
     </span>
     <span class='ocr_line' id='line_1_21' title="bbox 61 1624 1813 1694; baseline -0.003 -17"><span class='ocrx_word' id='word_1_153' title='bbox 61 1626 378 1693; x_wconf 85' lang='lat' dir='ltr'>scripsere</span> <span class='ocrx_word' id='word_1_154' title='bbox 441 1626 626 1677; x_wconf 87' lang='lat' dir='ltr'>beati.</span> <span class='ocrx_word' id='word_1_155' title='bbox 735 1624 1108 1694; x_wconf 84' lang='lat' dir='ltr'>subdistingue</span> <span class='ocrx_word' id='word_1_156' title='bbox 1172 1625 1493 1692; x_wconf 85' lang='lat' dir='ltr'>scripsere</span> <span class='ocrx_word' id='word_1_157' title='bbox 1555 1628 1608 1676; x_wconf 92' lang='lat' dir='ltr'>et</span> <span class='ocrx_word' id='word_1_158' title='bbox 1671 1625 1745 1679; x_wconf 92' lang='lat' dir='ltr'>sic</span> <span class='ocrx_word' id='word_1_159' title='bbox 1770 1642 1813 1673; x_wconf 85' lang='lat'>20</span> 
     </span>
     <span class='ocr_line' id='line_1_22' title="bbox 59 1698 1745 1751; baseline -0.001 0"><span class='ocrx_word' id='word_1_160' title='bbox 59 1700 200 1751; x_wconf 84' lang='lat' dir='ltr'>infer</span> <span class='ocrx_word' id='word_1_161' title='bbox 247 1699 436 1751; x_wconf 88' lang='lat' dir='ltr'>beati.</span> <span class='ocrx_word' id='word_1_162' title='bbox 523 1698 713 1751; x_wconf 71' lang='lat' dir='ltr'>‘stulti&#39;</span> <span class='ocrx_word' id='word_1_163' title='bbox 762 1699 904 1750; x_wconf 90' lang='lat' dir='ltr'>enim</span> <span class='ocrx_word' id='word_1_164' title='bbox 955 1698 1192 1751; x_wconf 90' lang='lat' dir='ltr'>dicturus</span> <span class='ocrx_word' id='word_1_165' title='bbox 1242 1698 1428 1751; x_wconf 91' lang='lat' dir='ltr'>intulit</span> <span class='ocrx_word' id='word_1_166' title='bbox 1465 1699 1640 1750; x_wconf 90' lang='lat' dir='ltr'>beati</span> <span class='ocrx_word' id='word_1_167' title='bbox 1680 1699 1745 1750; x_wconf 89' lang='lat' dir='ltr'>ad</span> 
     </span>
     <span class='ocr_line' id='line_1_23' title="bbox 59 1773 1746 1843; baseline -0.001 -18"><span class='ocrx_word' id='word_1_168' title='bbox 59 1774 423 1843; x_wconf 81' lang='lat' dir='ltr'>intellegentis</span> <span class='ocrx_word' id='word_1_169' title='bbox 481 1775 534 1825; x_wconf 89' lang='lat' dir='ltr'>et</span> <span class='ocrx_word' id='word_1_170' title='bbox 588 1791 708 1825; x_wconf 90' lang='lat' dir='ltr'>cum</span> <span class='ocrx_word' id='word_1_171' title='bbox 762 1773 957 1825; x_wconf 86' lang='lat' dir='ltr'>iudicio</span> <span class='ocrx_word' id='word_1_172' title='bbox 1015 1773 1295 1825; x_wconf 85' lang='lat' dir='ltr'>scribentis</span> <span class='ocrx_word' id='word_1_173' title='bbox 1351 1775 1620 1826; x_wconf 91' lang='lat' dir='ltr'>tormenta</span> <span class='ocrx_word' id='word_1_174' title='bbox 1667 1791 1746 1824; x_wconf 92' lang='lat' dir='ltr'>re-</span> 
     </span>
     <span class='ocr_line' id='line_1_24' title="bbox 60 1847 1745 1917; baseline -0.001 -17"><span class='ocrx_word' id='word_1_175' title='bbox 60 1848 313 1917; x_wconf 55' lang='lat' dir='ltr'>spiciens</span> <span class='ocrx_word' id='word_1_176' title='bbox 401 1848 504 1899; x_wconf 81' lang='grc'>109</span> <span class='ocrx_word' id='word_1_177' title='bbox 547 1851 610 1899; x_wconf 89' lang='lat' dir='ltr'>at</span> <span class='ocrx_word' id='word_1_178' title='bbox 650 1848 754 1915; x_wconf 90' lang='lat' dir='ltr'>qui</span> <span class='ocrx_word' id='word_1_179' title='bbox 786 1847 1051 1916; x_wconf 77' lang='lat' dir='ltr'>legitim.</span> <span class='ocrx_word' id='word_1_180' title='bbox 1114 1848 1288 1899; x_wconf 90' lang='lat' dir='ltr'>bonus</span> <span class='ocrx_word' id='word_1_181' title='bbox 1331 1848 1533 1899; x_wconf 88' lang='lat' dir='ltr'>scilicet</span> <span class='ocrx_word' id='word_1_182' title='bbox 1570 1849 1745 1914; x_wconf 89' lang='lat' dir='ltr'>poeta.</span> 
     </span>
     <span class='ocr_line' id='line_1_25' title="bbox 63 1921 1745 1989; baseline -0.001 -16"><span class='ocrx_word' id='word_1_183' title='bbox 63 1923 165 1973; x_wconf 92' lang='grc'>111</span> <span class='ocrx_word' id='word_1_184' title='bbox 209 1921 472 1973; x_wconf 89' lang='lat' dir='ltr'>audebit</span> <span class='ocrx_word' id='word_1_185' title='bbox 512 1939 957 1989; x_wconf 90' lang='lat' dir='ltr'>quaecumque.</span> <span class='ocrx_word' id='word_1_186' title='bbox 1035 1921 1248 1988; x_wconf 89' lang='lat' dir='ltr'>proprie</span> <span class='ocrx_word' id='word_1_187' title='bbox 1290 1921 1423 1972; x_wconf 84' lang='lat' dir='ltr'>dixit</span> <span class='ocrx_word' id='word_1_188' title='bbox 1462 1921 1745 1988; x_wconf 71' lang='lat' dir='ltr'>audebit,</span> 
     </span>
     <span class='ocr_line' id='line_1_26' title="bbox 59 1993 1811 2063; baseline -0.001 -16"><span class='ocrx_word' id='word_1_189' title='bbox 59 1999 120 2047; x_wconf 90' lang='lat' dir='ltr'>ut</span> <span class='ocrx_word' id='word_1_190' title='bbox 160 1995 410 2048; x_wconf 90' lang='lat' dir='ltr'>ostendat</span> <span class='ocrx_word' id='word_1_191' title='bbox 447 2012 703 2063; x_wconf 80' lang='lat' dir='ltr'>magnam</span> <span class='ocrx_word' id='word_1_192' title='bbox 740 2012 853 2046; x_wconf 92' lang='lat' dir='ltr'>rem</span> <span class='ocrx_word' id='word_1_193' title='bbox 878 2012 991 2046; x_wconf 89' lang='lat' dir='ltr'>esse</span> <span class='ocrx_word' id='word_1_194' title='bbox 1016 1994 1119 2046; x_wconf 92' lang='lat' dir='ltr'>hoc</span> <span class='ocrx_word' id='word_1_195' title='bbox 1143 1994 1331 2046; x_wconf 87' lang='lat' dir='ltr'>facere.</span> <span class='ocrx_word' id='word_1_196' title='bbox 1385 1993 1742 2063; x_wconf 81' lang='lat' dir='ltr'>Uergilius:</span> <span class='ocrx_word' id='word_1_197' title='bbox 1768 2012 1811 2045; x_wconf 77' lang='lat'>25</span> 
     </span>
     <span class='ocr_line' id='line_1_27' title="bbox 59 2068 1744 2136; baseline -0.001 -15"><span class='ocrx_word' id='word_1_198' title='bbox 59 2070 236 2121; x_wconf 89' lang='lat' dir='ltr'>Aude</span> <span class='ocrx_word' id='word_1_199' title='bbox 276 2069 510 2136; x_wconf 88' lang='lat' dir='ltr'>hospes</span> <span class='ocrx_word' id='word_1_200' title='bbox 559 2071 970 2121; x_wconf 89' lang='lat' dir='ltr'>contemnere</span> <span class='ocrx_word' id='word_1_201' title='bbox 1020 2086 1185 2135; x_wconf 81' lang='lat' dir='ltr'>opes,</span> <span class='ocrx_word' id='word_1_202' title='bbox 1342 2068 1445 2119; x_wconf 82' lang='lat'>113</span> <span class='ocrx_word' id='word_1_203' title='bbox 1494 2085 1744 2120; x_wconf 90' lang='lat' dir='ltr'>mouere</span> 
     </span>
     <span class='ocr_line' id='line_1_28' title="bbox 57 2142 1743 2212; baseline -0.001 -18"><span class='ocrx_word' id='word_1_204' title='bbox 57 2144 229 2196; x_wconf 90' lang='lat' dir='ltr'>loco:</span> <span class='ocrx_word' id='word_1_205' title='bbox 269 2144 456 2195; x_wconf 91' lang='lat' dir='ltr'>tollere</span> <span class='ocrx_word' id='word_1_206' title='bbox 499 2146 656 2212; x_wconf 87' lang='lat' dir='ltr'>atque</span> <span class='ocrx_word' id='word_1_207' title='bbox 689 2145 912 2194; x_wconf 85' lang='lat' dir='ltr'>mutare.</span> <span class='ocrx_word' id='word_1_208' title='bbox 988 2143 1200 2194; x_wconf 90' lang='lat' dir='ltr'>inuita</span> <span class='ocrx_word' id='word_1_209' title='bbox 1239 2142 1559 2194; x_wconf 90' lang='lat' dir='ltr'>recedant.</span> <span class='ocrx_word' id='word_1_210' title='bbox 1636 2143 1743 2210; x_wconf 88' lang='lat' dir='ltr'>ple-</span> 
     </span>
     <span class='ocr_line' id='line_1_29' title="bbox 59 2216 1746 2285; baseline -0.001 -16"><span class='ocrx_word' id='word_1_211' title='bbox 59 2236 282 2285; x_wconf 87' lang='lat' dir='ltr'>rumque</span> <span class='ocrx_word' id='word_1_212' title='bbox 328 2218 406 2269; x_wconf 90' lang='lat' dir='ltr'>ita</span> <span class='ocrx_word' id='word_1_213' title='bbox 455 2220 582 2269; x_wconf 91' lang='lat' dir='ltr'>sunt</span> <span class='ocrx_word' id='word_1_214' title='bbox 635 2216 820 2284; x_wconf 76' lang='lat' dir='ltr'>uerba,</span> <span class='ocrx_word' id='word_1_215' title='bbox 869 2234 1004 2284; x_wconf 87' lang='lat' dir='ltr'>quae</span> <span class='ocrx_word' id='word_1_216' title='bbox 1054 2216 1228 2284; x_wconf 86' lang='lat' dir='ltr'>prima</span> <span class='ocrx_word' id='word_1_217' title='bbox 1273 2216 1630 2284; x_wconf 80' lang='lat' dir='ltr'>posuerimUS‚</span> <span class='ocrx_word' id='word_1_218' title='bbox 1685 2219 1746 2267; x_wconf 93' lang='lat' dir='ltr'>ut</span> 
     </span>
     <span class='ocr_line' id='line_1_30' title="bbox 60 2290 1743 2359; baseline -0.001 -16"><span class='ocrx_word' id='word_1_219' title='bbox 60 2292 222 2343; x_wconf 87' lang='lat' dir='ltr'>etiam</span> <span class='ocrx_word' id='word_1_220' title='bbox 262 2309 382 2343; x_wconf 92' lang='lat' dir='ltr'>cum</span> <span class='ocrx_word' id='word_1_221' title='bbox 420 2310 590 2358; x_wconf 87' lang='lat' dir='ltr'>praua</span> <span class='ocrx_word' id='word_1_222' title='bbox 631 2291 753 2359; x_wconf 76' lang='lat' dir='ltr'>sint,</span> <span class='ocrx_word' id='word_1_223' title='bbox 792 2294 975 2342; x_wconf 91' lang='lat' dir='ltr'>tamen</span> <span class='ocrx_word' id='word_1_224' title='bbox 1014 2291 1150 2342; x_wconf 93' lang='lat' dir='ltr'>bene</span> <span class='ocrx_word' id='word_1_225' title='bbox 1190 2291 1347 2342; x_wconf 91' lang='lat' dir='ltr'>nobis</span> <span class='ocrx_word' id='word_1_226' title='bbox 1384 2291 1560 2358; x_wconf 89' lang='lat' dir='ltr'>posita</span> <span class='ocrx_word' id='word_1_227' title='bbox 1600 2290 1743 2342; x_wconf 89' lang='lat' dir='ltr'>uide-</span> 
     </span>
     <span class='ocr_line' id='line_1_31' title="bbox 60 2364 1810 2432; baseline -0.001 -15"><span class='ocrx_word' id='word_1_228' title='bbox 60 2368 233 2418; x_wconf 87' lang='lat' dir='ltr'>antur.</span> <span class='ocrx_word' id='word_1_229' title='bbox 352 2366 464 2417; x_wconf 74' lang='lat'>114</span> <span class='ocrx_word' id='word_1_230' title='bbox 497 2368 558 2417; x_wconf 89' lang='lat' dir='ltr'>et</span> <span class='ocrx_word' id='word_1_231' title='bbox 605 2368 948 2417; x_wconf 90' lang='lat' dir='ltr'>uersentur</span> <span class='ocrx_word' id='word_1_232' title='bbox 997 2407 1006 2416; x_wconf 94' lang='lat'><strong>.</strong></span> <span class='ocrx_word' id='word_1_233' title='bbox 1048 2406 1057 2417; x_wconf 93' lang='lat'><strong>.</strong></span> <span class='ocrx_word' id='word_1_234' title='bbox 1093 2365 1450 2431; x_wconf 67' lang='lat' dir='ltr'>penetralia</span> <span class='ocrx_word' id='word_1_235' title='bbox 1509 2364 1743 2432; x_wconf 76' lang='lat' dir='ltr'>Uestae,</span> <span class='ocrx_word' id='word_1_236' title='bbox 1767 2382 1810 2415; x_wconf 88' lang='lat'>30</span> 
     </span>
    </p>
   </div>
   <div class='ocr_carea' id='block_1_5' title="bbox 0 2438 1746 2507">
    <p class='ocr_par' dir='ltr' id='par_1_6' title="bbox 0 2438 1746 2507">
     <span class='ocr_line' id='line_1_32' title="bbox 0 2438 1746 2507; baseline -0.001 -16"><span class='ocrx_word' id='word_1_237' title='bbox 0 2464 5 2506; x_wconf 71' lang='lat' dir='ltr'>j</span> <span class='ocrx_word' id='word_1_238' title='bbox 58 2439 113 2491; x_wconf 90' lang='lat' dir='ltr'>id</span> <span class='ocrx_word' id='word_1_239' title='bbox 153 2443 254 2491; x_wconf 86' lang='lat' dir='ltr'>est:</span> <span class='ocrx_word' id='word_1_240' title='bbox 295 2440 453 2492; x_wconf 88' lang='lat' dir='ltr'>domi.</span> <span class='ocrx_word' id='word_1_241' title='bbox 515 2458 610 2507; x_wconf 92' lang='lat' dir='ltr'>per</span> <span class='ocrx_word' id='word_1_242' title='bbox 651 2457 810 2507; x_wconf 85' lang='lat' dir='ltr'>quam</span> <span class='ocrx_word' id='word_1_243' title='bbox 850 2438 1206 2507; x_wconf 84' lang='lat' dir='ltr'>metaphoran</span> <span class='ocrx_word' id='word_1_244' title='bbox 1245 2439 1493 2507; x_wconf 80' lang='lat' dir='ltr'>ostendit,</span> <span class='ocrx_word' id='word_1_245' title='bbox 1532 2439 1657 2490; x_wconf 86' lang='lat' dir='ltr'>licet</span> <span class='ocrx_word' id='word_1_246' title='bbox 1688 2439 1746 2489; x_wconf 91' lang='lat' dir='ltr'>in</span> 
     </span>
    </p>
   </div>
   <div class='ocr_carea' id='block_1_6' title="bbox 61 2512 1745 2581">
    <p class='ocr_par' dir='ltr' id='par_1_7' title="bbox 61 2512 1745 2581">
     <span class='ocr_line' id='line_1_33' title="bbox 61 2512 1745 2581; baseline 0 -17"><span class='ocrx_word' id='word_1_247' title='bbox 61 2514 237 2566; x_wconf 89' lang='lat' dir='ltr'>animo</span> <span class='ocrx_word' id='word_1_248' title='bbox 277 2516 465 2566; x_wconf 91' lang='lat' dir='ltr'>nostro</span> <span class='ocrx_word' id='word_1_249' title='bbox 505 2515 612 2565; x_wconf 80' lang='lat' dir='ltr'>fixa</span> <span class='ocrx_word' id='word_1_250' title='bbox 657 2516 962 2580; x_wconf 76' lang='lat' dir='ltr'>uersentur,</span> <span class='ocrx_word' id='word_1_251' title='bbox 1010 2516 1192 2564; x_wconf 89' lang='lat' dir='ltr'>tamen</span> <span class='ocrx_word' id='word_1_252' title='bbox 1241 2512 1570 2565; x_wconf 81' lang='lat' dir='ltr'>excludenda</span> <span class='ocrx_word' id='word_1_253' title='bbox 1616 2530 1745 2581; x_wconf 79' lang='lat' dir='ltr'>esse,</span> 
     </span>
    </p>
   </div>
   <div class='ocr_carea' id='block_1_7' title="bbox 59 2626 413 2633">
    <p class='ocr_par' dir='ltr' id='par_1_8' title="bbox 59 2626 413 2633">
     <span class='ocr_line' id='line_1_34' title="bbox 59 2626 413 2633; baseline 0 0"><span class='ocrx_word' id='word_1_254' title='bbox 59 2626 413 2633; x_wconf 95' lang='lat' dir='ltr'> </span> 
     </span>
    </p>
   </div>
   <div class='ocr_carea' id='block_1_8' title="bbox 180 2676 575 2729">
    <p class='ocr_par' dir='ltr' id='par_1_9' title="bbox 180 2676 575 2729">
     <span class='ocr_line' id='line_1_35' title="bbox 180 2676 575 2729; baseline 0 -11"><span class='ocrx_word' id='word_1_255' title='bbox 180 2681 233 2718; x_wconf 77' lang='lat'>25</span> <span class='ocrx_word' id='word_1_256' title='bbox 267 2676 380 2718; x_wconf 84' lang='lat' dir='ltr'>Aen.</span> <span class='ocrx_word' id='word_1_257' title='bbox 415 2679 455 2729; x_wconf 80' lang='lat'>8,</span> <span class='ocrx_word' id='word_1_258' title='bbox 489 2679 575 2718; x_wconf 82' lang='lat'>364</span> 
     </span>
    </p>
   </div>
   <div class='ocr_carea' id='block_1_9' title="bbox 59 2773 413 2781">
    <p class='ocr_par' dir='ltr' id='par_1_10' title="bbox 59 2773 413 2781">
     <span class='ocr_line' id='line_1_36' title="bbox 59 2773 413 2781; baseline 0 0"><span class='ocrx_word' id='word_1_259' title='bbox 59 2773 413 2781; x_wconf 95' lang='lat' dir='ltr'> </span> 
     </span>
    </p>
   </div>
   <div class='ocr_carea' id='block_1_10' title="bbox 180 2820 1744 2878">
    <p class='ocr_par' dir='ltr' id='par_1_11' title="bbox 180 2820 1744 2878">
     <span class='ocr_line' id='line_1_37' title="bbox 180 2820 1744 2878; baseline -0.002 -13"><span class='ocrx_word' id='word_1_260' title='bbox 180 2828 204 2865; x_wconf 80' lang='lat'><strong>2</strong></span> <span class='ocrx_word' id='word_1_261' title='bbox 237 2822 342 2878; x_wconf 91' lang='lat' dir='ltr'>plur</span> <span class='ocrx_word' id='word_1_262' title='bbox 376 2822 438 2865; x_wconf 85' lang='lat' dir='ltr'><em>M</em></span> <span class='ocrx_word' id='word_1_263' title='bbox 585 2828 609 2866; x_wconf 80' lang='lat'>6</span> <span class='ocrx_word' id='word_1_264' title='bbox 643 2835 895 2865; x_wconf 89' lang='lat' dir='ltr'>mineruius</span> <span class='ocrx_word' id='word_1_265' title='bbox 929 2822 991 2864; x_wconf 84' lang='lat' dir='ltr'><em>M</em></span> <span class='ocrx_word' id='word_1_266' title='bbox 1139 2826 1162 2864; x_wconf 82' lang='lat'>7</span> <span class='ocrx_word' id='word_1_267' title='bbox 1195 2820 1477 2864; x_wconf 82' lang='lat' dir='ltr'>luculentius</span> <span class='ocrx_word' id='word_1_268' title='bbox 1509 2820 1744 2864; x_wconf 76' lang='lat' dir='ltr'>Hauthal:</span> 
     </span>
    </p>
   </div>
   <div class='ocr_carea' id='block_1_11' title="bbox 0 2879 1744 3044">
    <p class='ocr_par' dir='ltr' id='par_1_12' title="bbox 0 2879 1744 3067">
     <span class='ocr_line' id='line_1_38' title="bbox 0 2879 1743 2936; baseline -0.002 -12"><span class='ocrx_word' id='word_1_269' title='bbox 0 2897 7 2930; x_wconf 67' lang='lat' dir='ltr'><em>J</em></span> <span class='ocrx_word' id='word_1_270' title='bbox 57 2881 370 2926; x_wconf 87' lang='lat' dir='ltr'>luculentibus</span> <span class='ocrx_word' id='word_1_271' title='bbox 405 2882 467 2924; x_wconf 91' lang='lat' dir='ltr'><em>M</em></span> <span class='ocrx_word' id='word_1_272' title='bbox 587 2887 640 2925; x_wconf 85' lang='lat'>18</span> <span class='ocrx_word' id='word_1_273' title='bbox 671 2882 959 2924; x_wconf 80' lang='lat' dir='ltr'>uenerantur</span> <span class='ocrx_word' id='word_1_274' title='bbox 993 2881 1055 2923; x_wconf 84' lang='lat' dir='ltr'><em>M</em></span> <span class='ocrx_word' id='word_1_275' title='bbox 1165 2885 1220 2925; x_wconf 83' lang='lat'>20</span> <span class='ocrx_word' id='word_1_276' title='bbox 1254 2893 1497 2936; x_wconf 79' lang='lat' dir='ltr'>scripsere:</span> <span class='ocrx_word' id='word_1_277' title='bbox 1530 2879 1627 2922; x_wconf 83' lang='lat' dir='ltr'>dixi</span> <span class='ocrx_word' id='word_1_278' title='bbox 1660 2879 1723 2922; x_wconf 85' lang='lat' dir='ltr'><em>M</em></span> <span class='ocrx_word' id='word_1_279' title='bbox 1726 2896 1743 2932; x_wconf 93' lang='lat'><em>;</em></span> 
     </span>
     <span class='ocr_line' id='line_1_39' title="bbox 59 2938 1744 2998; baseline -0.002 -14.101"><span class='ocrx_word' id='word_1_280' title='bbox 59 2941 430 2998; x_wconf 86' lang='lat' dir='ltr'>subdistinguere</span> <span class='ocrx_word' id='word_1_281' title='bbox 463 2940 618 2985; x_wconf 79' lang='lat' dir='ltr'>dixere</span> <span class='ocrx_word' id='word_1_282' title='bbox 652 2941 715 2984; x_wconf 84' lang='lat' dir='ltr'><em>M</em></span> <span class='ocrx_word' id='word_1_283' title='bbox 860 2944 915 2984; x_wconf 80' lang='lat'>22</span> <span class='ocrx_word' id='word_1_284' title='bbox 948 2954 1181 2996; x_wconf 75' lang='lat' dir='ltr'>respicens</span> <span class='ocrx_word' id='word_1_285' title='bbox 1216 2940 1279 2982; x_wconf 85' lang='lat' dir='ltr'><em>M</em></span> <span class='ocrx_word' id='word_1_286' title='bbox 1432 2943 1488 2983; x_wconf 78' lang='lat'>27</span> <span class='ocrx_word' id='word_1_287' title='bbox 1521 2938 1744 2984; x_wconf 87' lang='lat' dir='ltr'>recedunt</span> 
     </span>
     <span class='ocr_line' id='line_1_40' title="bbox 62 2998 1443 3044; baseline -0.001 -1.086"><span class='ocrx_word' id='word_1_288' title='bbox 62 3000 123 3043; x_wconf 91' lang='lat' dir='ltr'><em>M</em></span> <span class='ocrx_word' id='word_1_289' title='bbox 242 3005 297 3044; x_wconf 78' lang='lat'>28</span> <span class='ocrx_word' id='word_1_290' title='bbox 329 3001 472 3044; x_wconf 84' lang='lat' dir='ltr'>uerba</span> <span class='ocrx_word' id='word_1_291' title='bbox 503 2999 748 3044; x_wconf 84' lang='lat' dir='ltr'>coniuncta</span> <span class='ocrx_word' id='word_1_292' title='bbox 779 3000 887 3044; x_wconf 78' lang='lat' dir='ltr'>Aer.</span> <span class='ocrx_word' id='word_1_293' title='bbox 1011 3005 1063 3044; x_wconf 87' lang='lat'>31</span> <span class='ocrx_word' id='word_1_294' title='bbox 1097 2998 1347 3044; x_wconf 78' lang='lat' dir='ltr'>m&amp;afoi·an</span> <span class='ocrx_word' id='word_1_295' title='bbox 1382 2999 1443 3041; x_wconf 83' lang='lat' dir='ltr'><strong><em>M</em></strong></span> 
     </span>
    </p>
   </div>
  </div>
 </body>
</html>
