1939 3197
771 101 890 146 0οΕ
923 103 1000 157 111,
1039 107 1074 145 1.
1704 101 1769 152 77

81 242 267 293 autem
306 238 533 290 mendax
571 237 762 289 merito
800 236 1007 304 dicitur,
1047 236 1172 304 quia
1202 237 1515 304 plerumque
1549 236 1768 288 cultoris

90 315 172 367 sui
224 330 371 380 spem
409 310 551 362 fallit
588 329 700 363 non
738 311 1012 378 perferens
1054 310 1121 361 ad
1160 309 1524 361 maturitatem
1563 309 1770 360 fructus

88 405 221 455 quos
276 384 598 437 ostenderat.
749 385 820 436 30
883 384 1109 435 arbore
1164 401 1332 435 nunc
1387 401 1588 451 aquas
1644 383 1772 434 cul-

85 461 278 529 pante
318 476 484 510 nunc
523 460 560 509 t.
602 476 646 509 a.
688 476 726 509 6.
765 475 817 508 n.
857 456 907 509 h.
948 458 979 508 i.
1041 457 1129 509 hic
1167 457 1301 508 illud
1341 457 1591 525 ostendit,
1631 457 1773 524 quod

87 533 294 585 dixerat
338 531 702 599 fundusque
743 530 1022 583 mendax.
1098 531 1412 599 plerumque
1453 533 1632 581 autem
1672 532 1773 580 ste·
1797 551 1818 583 5

88 607 258 658 rilitas
308 605 587 658 arboribus
636 605 816 656 euenit
861 622 958 673 per
1011 604 1204 656 nimias
1261 622 1448 673 aquaS‚
1503 602 1774 655 interdum

86 699 183 748 per
223 680 502 746 siccitateS‚
543 678 830 746 aliquando
871 696 967 746 per
1005 678 1320 730 uiolentiam
1358 678 1636 746 frigorum.

88 753 159 805 33
209 755 547 805 contracta
594 754 803 820 pisces
851 769 1129 819 aequora
1181 751 1488 803 sentiunt.
1579 750 1775 801 transit

88 827 157 878 ad
197 844 302 893 eos,
343 826 434 894 qui
472 844 567 893 per
604 826 827 877 nimiam
866 825 1132 877 luxuriam
1173 825 1454 876 elaborant
1493 824 1595 875 sibi
1635 823 1773 874 aedi-

86 900 208 951 ficia
232 900 393 951 etiam
417 900 475 950 in
499 900 634 951 mari
661 917 875 967 ponere.
977 899 1044 950 37
1089 899 1196 950 sed
1235 898 1427 950 timor
1468 901 1528 949 et
1567 898 1773 948 minae
1801 920 1841 950 10

84 974 405 1026 scandunt
445 973 660 1025 eodem
700 992 818 1041 quo
861 973 1169 1025 dominus.
1231 972 1370 1023 redit
1394 972 1462 1023 ad
1492 971 1600 1039 illa7
1640 989 1774 1039 quae

88 1047 303 1099 beatam
343 1047 514 1099 uitam
553 1047 810 1099 adimunt.
911 1047 980 1098 38
1021 1064 1222 1114 neque
1264 1045 1516 1097 decedit
1556 1048 1777 1097 aerata

86 1121 337 1173 triremi
374 1125 431 1173 et
474 1123 621 1189 post
661 1121 938 1188 equitem
990 1138 1028 1171 s,
1069 1138 1114 1171 a.
1155 1138 1196 1171 6.
1272 1119 1360 1171 1116
1401 1119 1638 1171 ostendit
1676 1136 1774 1170 nec

88 1196 233 1246 terra
270 1212 370 1245 nec
408 1195 544 1245 mari
583 1213 904 1262 quemquam
943 1212 1100 1261 posse
1142 1193 1373 1261 effugere
1412 1192 1576 1244 insita
1610 1192 1777 1243 animi

88 1267 237 1320 uitia.
339 1268 408 1319 41
452 1268 677 1335 quodsi
717 1268 1037 1319 dolentem
1083 1285 1198 1318 nec
1236 1266 1559 1335 Phrygius
1606 1266 1773 1333 lapis
1799 1287 1841 1319 15

88 1359 202 1393 1166
247 1360 297 1409 p.
346 1360 383 1392 6.
433 1359 473 1392 6.
521 1342 568 1392 d.
616 1361 666 1393 u.
759 1359 946 1393 sensus
994 1343 1094 1392 est:
1151 1341 1196 1391 si
1247 1340 1485 1392 dolorem
1537 1339 1774 1407 corporis

90 1415 359 1482 animique
398 1415 535 1466 nulli
575 1415 884 1466 diuitiarum
916 1417 1205 1482 apparatus
1233 1413 1509 1465 excludere
1533 1416 1775 1481 possunt,

89 1507 183 1540 cur
233 1488 538 1540 laboremus
585 1489 641 1539 in
690 1489 1012 1555 acquirenda
1057 1505 1128 1538 re.
1226 1487 1551 1556 Phrygius
1607 1486 1774 1554 lapis

87 1579 322 1613 marmor
361 1564 442 1613 est
483 1560 862 1629 Synnadicum.
957 1560 1215 1628 Synnada
1254 1561 1396 1612 enim
1436 1578 1551 1612 esse
1591 1559 1776 1612 dicunt

88 1636 277 1687 urbem
313 1634 582 1705 Phrygiae
622 1636 771 1686 iuxta
811 1653 971 1703 quam
1009 1635 1113 1687 1106
1152 1653 1387 1687 marmor
1426 1634 1677 1686 caeditur.
1800 1656 1842 1686 20

89 1709 162 1760 42
201 1726 315 1760 1166
361 1728 784 1777 purpurarum
831 1709 1052 1761 sidere.
1129 1708 1231 1760 hoc
1281 1711 1380 1760 est:
1423 1708 1666 1775 quamuis
1708 1708 1774 1758 si-

90 1782 212 1834 dere
253 1782 446 1835 clarior
485 1783 569 1834 sit.
643 1801 756 1835 non
796 1783 939 1834 enim
992 1800 1205 1834 omnem
1259 1800 1552 1851 purpuram
1605 1781 1774 1833 sidere

89 1856 368 1908 clariorem
429 1857 672 1926 intellegi
731 1846 864 1908 uult.
1015 1856 1089 1907 44
1149 1855 1774 1922 Achaemeniumque

89 1932 351 1982 costum.
451 1931 860 1982 odoramentum
922 1933 1004 1982 est
1065 1930 1334 1998 quoddam
1396 1929 1774 1998 gratissimum.

90 2002 440 2054 Achaemenii
486 2007 665 2055 autem
710 2003 904 2055 Persae
953 2004 1081 2055 dicti
1135 2004 1201 2054 ab
1250 2003 1588 2054 Achaemene
1635 2019 1776 2070 rege,
1800 2022 1842 2054 25

91 2077 183 2143 qui
223 2077 492 2143 quondam
530 2080 707 2129 totum
748 2078 930 2129 orbem
969 2079 1231 2128 tenuerat.
1344 2075 1415 2127 45
1464 2093 1572 2126 cur
1611 2075 1775 2127 inui-

92 2149 317 2200 dendis
356 2150 652 2217 postibus
692 2151 746 2201 id
786 2154 886 2202 est:
927 2150 1223 2219 magnificis
1265 2168 1325 2201 ac
1365 2149 1653 2202 nobilibus

91 2222 164 2274 45
199 2226 259 2274 et
296 2241 460 2275 nouo
504 2224 771 2275 sublime
804 2225 932 2276 ritu
965 2224 1193 2276 moliar
1226 2224 1475 2275 atrium.
1539 2223 1668 2274 ordo
1696 2225 1777 2274 est

93 2295 219 2348 eritu
242 2315 384 2348 nouo
412 2298 636 2349 sublime
663 2298 856 2349 atrium
895 2316 987 2349 cur
1011 2297 1235 2349 moliar'.
1299 2297 1571 2349 sublime
1597 2299 1777 2348 autem

93 2373 146 2421 et
186 2369 252 2421 ad
292 2371 630 2423 altitudinem
668 2372 865 2423 referre
904 2390 1190 2440 possumus
1231 2374 1285 2422 et
1324 2371 1391 2422 ad
1429 2370 1774 2438 magnificen-
1799 2391 1841 2422 30

90 2444 237 2496 tiam.
346 2445 413 2495 47
462 2463 569 2497 cur
611 2444 782 2497 u‘alle
826 2449 1175 2514 permutem
1222 2441 1469 2515 Sabina}
1508 2444 1773 2495 diuitias

94 2588 350 2631 sollicitant
387 2591 433 2632 te
467 2590 623 2646 Pauly
761 2596 783 2634 1
818 2591 1038 2644 cultores,
1077 2606 1094 2633 1
1131 2604 1164 2634 s.
1199 2592 1240 2646 l.‚
1277 2590 1339 2632 M
1487 2594 1512 2633 5
1546 2588 1776 2631 sterelitas

96 2647 159 2689 M
269 2652 292 2689 ’ἵ
325 2648 632 2692 umolentiam
665 2650 728 2692 M
840 2655 891 2692 11
926 2649 1050 2704 quod
1081 2650 1296 2693 hominus
1331 2649 1393 2691 M
1512 2652 1564 2690 13
1597 2648 1777 2690 triremi

94 2705 203 2762 post
234 2707 394 2760 equiti.
428 2721 466 2750 e.
499 2723 560 2752 m.
593 2724 626 2752 6.
662 2709 725 2751 Μ
873 2714 926 2752 15
958 2708 1124 2765 frigius
1158 2709 1221 2751 M
1370 2712 1423 2751 18
1458 2705 1683 2761 quuenda
1718 2705 1780 2747 M

212 2763 391 2820 frygius
425 2766 486 2808 Μ
583 2773 635 2811 19
670 2769 990 2823 synnatycum.
1024 2767 1221 2811 Sinnada
1254 2767 1317 2809 M
1426 2766 1642 2821 dicuntur
1668 2765 1776 2807 bem

93 2823 244 2879 frygie
279 2824 342 2866 Μ
444 2829 499 2868 20
533 2839 684 2880 quem,
718 2841 745 2869 a
775 2840 809 2869 s.
843 2827 871 2870 l.
906 2827 970 2869 Μ
1095 2832 1148 2869 21
1184 2826 1336 2869 S1dera
1369 2825 1431 2867 M
1555 2829 1609 2867 23
1644 2823 1776 2866 ache-

94 2896 392 2938 memumque
428 2884 492 2926 M
622 2890 678 2928 24
711 2885 954 2929 odoratum
989 2886 1051 2928 M
1194 2890 1250 2928 25
1284 2885 1542 2927 achemenu
1573 2887 1613 2926 et
1644 2883 1777 2926 ache-

93 2955 227 2985 mene
262 2942 325 2984 M
487 2948 541 2986 26
574 2944 788 2988 tenuerat
818 2958 922 2988 2208:
953 2945 1203 2988 tenuerunt
1237 2944 1309 2997 M,
1340 2943 1491 2987 tenuit
1525 2958 1553 2997 ς
1720 2946 1774 2984 31

12 3048 15 3050 ,
92 2999 268 3044 uallem
301 3001 363 3044 M
