1939 3197
159 123 266 175 322
626 123 925 167 EPISTULA
958 124 1014 179 H,
1051 128 1088 178 1,
1125 128 1370 167 171—185.

159 260 356 330 grauis,
397 261 537 329 quod
584 278 694 312 non
741 259 916 311 minus
964 259 1261 327 ignoscitur
1308 258 1366 310 in
1413 259 1615 312 comico
1664 260 1850 312 chara-

158 338 299 387 ctere
331 334 692 403 peccantibus,
797 334 898 385 171
943 351 1063 401 quo
1103 336 1293 401 pacto
1334 333 1540 402 partis
1580 336 1848 387 tutetur.

156 409 259 462 1100
300 411 402 460 est:
444 427 603 478 quam
652 407 983 474 indecenter,
1030 407 1336 477 incongrue.
1428 407 1745 459 Dossennus
1795 412 1848 460 et

156 484 270 552 ipse
312 482 492 552 grauis
532 483 762 534 habetur
800 484 862 533 ut
898 480 1136 534 Plautus,
1294 481 1397 534 175
1438 482 1642 551 gestit
1682 482 1846 534 enim

112 575 474 609 5nummum
530 557 596 608 in
650 557 915 608 loculos.
1016 556 1191 624 magis
1241 556 1385 607 enim
1430 557 1638 608 lucrum
1686 575 1855 625 quam

89 948 132 979 10

86 2061 127 2092 25

84 2433 127 2464 30

156 631 369 683 laudem
425 631 648 699 adipisci
712 631 888 699 gestit.
984 632 1196 697 gestit:
1259 630 1419 698 cupit.
1519 633 1672 699 post
1730 631 1847 683 hoc

158 723 440 758 securus:
481 723 591 757 non
628 722 836 772 curans,
877 704 1003 773 quid
1036 708 1224 772 postea
1255 705 1352 756 fiat
1375 704 1680 757 comoediae
1706 723 1848 757 suae.

309 781 410 831 177
455 797 636 847 quem
675 779 832 830 tulit
881 779 953 830 ad
1005 797 1270 831 scenam.
1370 782 1659 847 postquam
1699 780 1848 831 auari

156 858 346 922 poetae
370 854 503 905 uitia
534 853 782 921 ostendit,
820 871 961 904 nunc
985 853 1181 905 transit
1206 852 1272 904 ad
1298 853 1593 922 gloriosum
1617 856 1849 921 poetam,

158 929 249 997 qui
298 929 342 979 si
392 946 505 980 non
543 928 794 979 laudatur
834 930 887 978 et
928 928 1167 979 animum
1208 930 1261 979 et
1301 930 1472 979 artem
1512 928 1696 997 abicit7
1735 928 1847 979 lau-

158 1002 274 1054 dari
315 1019 369 1053 se
408 1002 597 1054 uidens
637 1002 700 1053 fit
737 1003 1052 1053 temerarius
1095 1020 1156 1054 ac
1194 1002 1459 1054 tumescit.
1570 1003 1673 1054 178
1715 1002 1847 1053 1011-

156 1080 256 1128 tus
300 1080 651 1145 spectator:
694 1094 852 1144 quem
885 1076 1028 1128 dicta
1052 1094 1165 1128 non
1188 1079 1521 1143 permouent,
1564 1076 1846 1128 sedulus:

156 1151 247 1219 qui
288 1153 434 1202 amat
474 1153 526 1202 et
564 1150 763 1202 laudat.
862 1150 964 1201 179
1008 1150 1096 1202 sic
1135 1151 1275 1201 leue
1317 1150 1405 1201 sic
1445 1168 1711 1219 paruum
1751 1153 1850 1202 est

156 1243 200 1277 a.
242 1244 289 1294 q.
330 1225 361 1276 1.
402 1243 447 1277 a.
490 1243 527 1276 s.
605 1224 660 1275 id
701 1227 804 1275 est:
851 1224 987 1275 leuis
1036 1242 1119 1276 res
1170 1227 1252 1276 est
1290 1225 1407 1276 laus
1447 1224 1535 1276 uel
1575 1224 1849 1276 subtracta

156 1317 186 1351 a
227 1299 594 1368 spectantibus
642 1299 730 1351 uel
777 1299 1035 1367 praebita.
1192 1299 1297 1352 180
1345 1300 1558 1350 ualeat
1611 1316 1707 1350 res
1755 1299 1849 1350 lu-

155 1374 332 1425 dicra
374 1374 439 1425 si.
496 1392 564 1425 m.
604 1392 655 1425 n.
696 1392 763 1424 m.
805 1373 851 1425 d.
892 1392 931 1425 r.
1008 1373 1112 1425 hoc
1153 1375 1257 1425 est:
1298 1371 1326 1400 '³‘
1365 1372 1393 1400 ²⁵*
1433 1373 1673 1442 nihilque
1713 1372 1847 1424 mihi

154 1466 274 1500 cum
322 1466 384 1500 ea
431 1449 522 1515 sit,
569 1449 617 1500 si
662 1450 881 1515 propter
927 1448 1138 1516 palmae
1185 1448 1319 1499 folia
1363 1448 1450 1499 uel
1499 1447 1741 1499 adflictus
1793 1450 1848 1499 et

153 1540 331 1574 macer
372 1541 490 1574 sum
529 1523 615 1574 uel
655 1522 864 1591 opimus
908 1525 960 1574 et
1001 1540 1225 1574 crassus,
1304 1540 1402 1574 res
1450 1521 1719 1574 ludicra:
1761 1539 1846 1573 co-

154 1597 365 1649 moedia
406 1615 437 1648 a
474 1596 611 1648 ludis
654 1597 809 1648 dicta.
920 1597 1024 1649 182
1069 1615 1255 1665 saepe
1296 1596 1486 1649 etiam
1527 1596 1846 1648 audacem.

156 1690 185 1722 a
235 1671 471 1740 glorioso
527 1673 689 1739 poeta
744 1671 811 1722 ad
866 1671 1120 1723 audacem
1175 1672 1715 1739 perseuerantemque
1770 1670 1846 1722 di-

154 1762 368 1814 gressus
418 1745 565 1812 dicit,
622 1763 752 1814 quas
800 1745 1022 1796 iniurias
1073 1746 1332 1814 patiatur,
1388 1745 1579 1814 quibus
1638 1745 1706 1796 ad
1751 1762 1846 1812 po-

156 1823 413 1871 stremum
450 1819 672 1888 fugatur
712 1837 777 1870 ex
818 1837 1023 1871 scaena.
1093 1819 1312 1888 fugatur
1353 1822 1532 1870 autem
1573 1818 1846 1888 seditione,

155 1912 260 1963 qua
301 1911 465 1976 saepe
499 1893 640 1962 apud
678 1893 969 1960 inperitam
1009 1894 1409 1945 multitudinem
1447 1895 1500 1944 015
1523 1893 1844 1960 locupletem

152 1968 208 2019 in
263 1967 556 2036 perniciem
619 1968 898 2020 doctorum
959 1968 1155 2037 uulgus
1219 1971 1437 2035 poetam
1496 1966 1845 2035 fabulamque

154 2041 489 2110 contempnit
548 2042 605 2093 in
664 2041 840 2094 medio
905 2044 1027 2094 actu
1092 2042 1397 2094 comoediae
1460 2041 1546 2093 uel
1609 2041 1847 2093 ferarum

154 2116 515 2185 spectaculum
571 2117 657 2168 1101
718 2116 964 2186 pugilum
1017 2134 1262 2184 poscens
1419 2116 1520 2168 183
1577 2133 1845 2167 numero

152 2191 370 2259 plures
413 2208 474 2242 ac
511 2208 607 2258 per
653 2191 789 2245 110οε,
827 2190 1019 2258 plebei.
1162 2191 1267 2243 184
1314 2190 1561 2242 indocti
1611 2190 1751 2242 stol.
1800 2208 1842 2241 e.

153 2265 199 2316 d.
262 2284 312 2333 p.
412 2265 548 2317 miro
616 2265 1031 2317 characterismo
1094 2265 1383 2333 inperitam
1444 2263 1843 2316 multitudinem

154 2338 402 2391 ostendit.
499 2338 602 2391 185
637 2340 690 2391 si
732 2339 1059 2391 discordet
1099 2357 1312 2408 eques:
1356 2339 1400 2390 si
1426 2341 1671 2407 equester
1696 2337 1842 2406 ordO‚

150 2412 254 2464 hoc
295 2415 396 2481 est7
443 2412 815 2465 honestiorum
855 2413 999 2465 aliud
1040 2431 1200 2482 quam
1239 2414 1421 2482 plebes
1462 2413 1644 2464 uelint.
1720 2429 1843 2463 me-

154 2487 255 2538 dia
296 2530 305 2539 .
348 2529 358 2537 .
398 2505 626 2538 ursum.
701 2491 843 2539 recte
855 2530 868 2556 ‚
908 2488 1034 2556 quia
1074 2488 1245 2539 adhuc
1288 2486 1673 2555 amphitheatri
1711 2504 1840 2537 usus

150 2579 262 2614 non
310 2563 424 2612 erat
477 2564 527 2612 et
577 2561 634 2612 in
675 2562 859 2613 eadem
899 2579 1063 2614 cauea
1103 2562 1265 2614 etiam
1303 2561 1541 2612 ferarum
1581 2559 1843 2629 gladiato-

274 2699 295 2736 1
331 2706 424 2736 non
455 2692 560 2746 fort.
595 2693 677 2736 del.
783 2692 833 2736 in
866 2694 1042 2737 comico
1074 2706 1176 2736 nos:
1208 2706 1395 2736 mimico
1431 2693 1503 2745 M,
1535 2691 1721 2735 mimico
1754 2706 1784 2746 ς

153 2757 177 2794 2
217 2754 323 2795 tuta
364 2752 427 2794 M
605 2756 630 2794 3
671 2753 1019 2808 mcongruendo
1059 2766 1217 2796 sensus
1253 2752 1332 2805 M,
1364 2752 1631 2796 Dossennus
1662 2750 1839 2793 Dillen-

152 2811 315 2867 buryer
437 2815 462 2854 5
494 2825 542 2853 in
574 2811 728 2854 locum
763 2811 826 2854 M
938 2818 989 2855 11
1023 2811 1186 2855 uidens
1219 2824 1301 2854 nos
1333 2825 1387 2854 ex
1417 2811 1550 2854 Aer..-
1582 2808 1754 2853 uider&
1780 2810 1844 2852 M

273 2876 327 2913 14
358 2870 455 2914 uel:
489 2871 562 2914 est
595 2870 657 2912 M
833 2871 1073 2914 subtracta
1105 2885 1132 2914 a
1163 2870 1483 2927 spectantibus
1516 2883 1620 2913 nos:
1660 2868 1840 2912 subtra-

153 2930 388 2973 ctantibus
424 2929 486 2972 M
637 2935 689 2973 16
723 2929 880 2973 ualeat
910 2930 1120 2985 nihilque
1153 2930 1297 2974 Halm
1451 2934 1504 2973 18
1537 2927 1746 2972 comedla
1779 2927 1843 2970 M

271 2994 324 3031 21
359 3002 476 3045 quas
507 3002 610 3032 nos:
644 3002 778 3044 quasi
811 2989 874 3032 M
1029 2994 1084 3033 23
1119 2989 1245 3045 apud
1275 3003 1378 3033 nos:
1410 2988 1536 3043 quod
1568 2988 1632 3031 M
1779 2991 1834 3030 27

151 3046 233 3090 sol.
270 3048 331 3090 M
450 3052 506 3091 30
537 3048 839 3092 honestorum
870 3051 909 3093 et
939 3048 1056 3092 uelit
1089 3065 1116 3104 ς
1238 3053 1291 3092 31
1326 3046 1466 3106 rhed‘e
1502 3047 1561 3090 M
