1939 3197
151 103 261 156 240
697 102 899 148 SERMO
933 104 968 160 Ι,
1004 107 1072 159 10,
1106 106 1295 147 :ze—46.

149 242 512 368 fflzfiff...
574 237 1845 367 hg'xssassssffrigssdssesrsffi1¹ss1¹1²32131¹1²3¹¹1012203ffi

151 392 205 442 et
243 389 381 441 belle
430 388 659 458 ‘iugulat
697 387 1009 441 Memnona'
1059 387 1267 457 dilogos
1309 387 1398 440 ait.
1473 405 1603 439 nam
1643 388 1742 440 sub
1784 406 1846 440 ea

153 464 326 532 specie
375 464 528 531 quasi
576 463 720 516 dicat
766 462 914 514 ‘dum
962 462 1238 532 describit,
1293 480 1451 530 quem
1506 462 1573 515 ad
1627 462 1848 515 modum

108 553 128 585 5
151 537 411 590 Memnon
448 536 741 607 iuguletur'
782 537 1027 607 intellegi
1067 537 1185 589 uult
1224 536 1291 588 ab
1331 535 1449 605 ipso
1488 537 1668 605 potius
1692 537 1845 607 iugu-

154 612 255 664 lari
316 612 443 664 dum
505 613 644 665 male
708 612 936 680 scripsit.
1082 612 1152 664 36
1216 611 1484 679 dumque
1546 611 1849 681 diffingit

152 686 363 739 Rheni
401 687 645 739 luteum
686 689 890 756 caput.
970 689 1024 737 et
1062 686 1165 739 hoc
1206 685 1431 755 dilogos
1495 703 1624 737 nam
1663 686 1721 738 in
1760 687 1845 738 de-

155 761 438 813 scribendo
485 760 701 831 Rheno,
758 761 848 830 qui
898 763 1040 813 recte
1094 761 1273 812 luteus
1329 759 1544 829 dicitur,
1599 760 1740 830 quod
1796 764 1848 812 et

153 835 370 888 turbida
410 854 620 905 semper
659 854 799 904 aqua
839 838 892 887 et
929 835 1135 887 limosis
1175 835 1306 903 ripis
1334 835 1417 904 sit,
1458 834 1613 903 quasi
1637 835 1705 887 ab
1730 835 1848 904 ipso

88 926 131 958 10
153 912 316 979 poeta
368 911 574 962 luteum
628 910 745 962 fieri
791 910 935 962 mala
983 910 1341 978 descriptione
1392 909 1641 961 ostendit.
1726 909 1848 961 dif-

154 984 357 1054 fingit
389 988 569 1037 autem
596 983 833 1055 ‘figurat'
875 1003 936 1037 ac
967 1002 1062 1053 per
1093 983 1198 1036 hoc
1231 982 1523 1036 ‘describit'
1563 983 1848 1053 significat.

305 1059 372 1111 37
421 1059 577 1111 haec
625 1076 739 1128 ego
787 1059 937 1112 ludo
988 1076 1146 1127 quae
1194 1076 1400 1127 neque
1447 1058 1513 1109 in
1553 1058 1706 1111 aede
1748 1077 1849 1111 so-

153 1136 323 1185 nent.
402 1136 454 1185 et
495 1152 657 1202 supra
697 1133 944 1202 diximUS,
983 1132 1315 1185 uerecundos
1355 1132 1466 1184 fere
1506 1135 1694 1201 poetas
1733 1151 1850 1185 uer-

155 1226 244 1260 sus
271 1226 397 1260 suos
422 1207 572 1260 lusus
600 1208 787 1260 dicere.
865 1208 934 1261 38
960 1225 1112 1275 quae
1150 1224 1337 1274 neque
1368 1208 1434 1259 in
1466 1207 1606 1261 aede
1635 1212 1853 1260 sonent

90 1297 132 1331 15
155 1282 438 1349 etreliqua.
494 1282 569 1334 ait
595 1300 650 1334 se
675 1282 730 1335 id
755 1300 925 1352 genus
952 1282 1203 1335 carminis
1230 1281 1477 1349 scribere,
1511 1280 1654 1351 quod
1677 1281 1850 1335 Maeci

155 1355 366 1425 Tarpae
423 1357 645 1409 arbitrio
700 1375 813 1409 non
868 1356 1179 1409 subiciatur.
1278 1375 1406 1408 nam
1452 1356 1509 1408 hi
1560 1356 1696 1425 fere,
1758 1356 1849 1426 qui

157 1448 344 1483 scenae
379 1431 698 1502 scribebant,
732 1432 799 1484 ad
823 1432 1057 1500 Tarpam
1091 1431 1235 1484 1111116
1267 1432 1417 1483 uelut
1449 1431 1850 1484 emendatorem

155 1523 219 1557 ea
259 1505 588 1559 adferebant.
705 1507 775 1560 38
825 1524 983 1576 quae
1029 1524 1233 1576 neque
1280 1507 1345 1557 in
1394 1506 1545 1558 aede
1594 1508 1849 1558 sonent:

154 1579 212 1631 in
252 1580 379 1632 aede
419 1579 714 1650 Musarum,
753 1581 844 1633 ubi
884 1584 1075 1650 poetae
1117 1580 1358 1633 carmina
1398 1599 1495 1633 sua
1532 1580 1849 1633 recitabant.

88 1670 131 1702 20
303 1655 377 1707 40
417 1659 647 1725 arguta
693 1657 1030 1708 meretrice
1077 1658 1260 1723 potes
1300 1655 1608 1723 Dauoque
1656 1653 1850 1708 Chre—

155 1732 338 1782 meta.
389 1731 565 1783 solum
588 1730 694 1782 illis
733 1730 1070 1798 temporibus
1111 1729 1305 1782 Graium
1341 1729 1683 1782 Fundanium
1723 1729 1851 1782 dicit

157 1804 490 1856 comoediam
544 1804 680 1857 bene
737 1805 988 1873 scribere,
1044 1806 1100 1856 at
1145 1804 1447 1857 Pollionem
1499 1804 1851 1874 tragoediam,

157 1896 293 1946 quae
347 1879 607 1931 trimetris
661 1879 907 1932 uersibus
963 1880 1074 1931 fere
1128 1880 1351 1948 texitur,
1406 1879 1615 1948 epicum
1669 1882 1850 1931 autem

158 1971 373 2005 carmen
411 1953 742 2006 ualidissime
782 1952 1024 2023 Uarium,
1063 1954 1223 2006 molle
1263 1972 1393 2006 uero
1434 1954 1510 2005 ait
1546 1955 1600 2005 et
1632 1954 1850 2023 elegans

90 2042 133 2075 25
156 2026 474 2097 Uergilium.
553 2028 645 2080 sed
686 2031 934 2098 apparet,
974 2046 1096 2081 cum
1134 2028 1237 2082 hoc
1275 2027 1539 2081 Horatius
1582 2027 1852 2096 scriberet,

158 2103 273 2154 sola
319 2102 492 2155 adhuc
539 2101 796 2155 Bucolica
852 2106 905 2155 et
953 2102 1218 2173 Georgica
1263 2102 1493 2173 Uergilii
1547 2103 1605 2154 in
1654 2102 1852 2155 notitia

156 2176 337 2229 fuisse.
488 2176 560 2230 46
600 2177 717 2230 1106
768 2181 907 2230 erat
947 2180 1211 2246 experto
1251 2178 1497 2230 frustra
1537 2179 1591 2229 et
1628 2177 1850 2246 reliqua.
1916 2241 1922 2246 Ι

159 2269 323 2319 quum
380 2251 470 2302 alii
525 2252 636 2304 alia
690 2253 988 2304 carminum
1044 2269 1243 2322 genera
1297 2255 1667 2305 consummate
1724 2251 1849 2304 scri-

156 2324 368 2393 berent,
417 2343 643 2394 quorum
682 2327 1013 2380 mentionem
1060 2327 1273 2395 habuit,
1323 2345 1630 2379 sermonum
1670 2328 1851 2378 autem

280 2492 333 2531 13
370 2487 412 2530 S.
449 2493 488 2542 1,
522 2493 562 2543 9,
597 2493 622 2531 2

279 2627 303 2666 2
337 2622 586 2666 exametris
606 2622 680 2676 M,
707 2622 973 2667 Blewmona.
1007 2621 1244 2666 Cornelius
1270 2621 1468 2678 Alpinus
1493 2620 1743 2666 Memnona
1773 2621 1851 2665 he-

158 2680 380 2726 xametris
413 2696 441 2737 ς
562 2696 760 2725 111111111111
793 2682 856 2725 M
974 2688 999 2727 6
1032 2681 1248 2739 diffinget
1280 2683 1344 2725 M
1463 2686 1517 2726 10
1549 2680 1768 2738 diffmgat
1792 2682 1856 2725 M

280 2746 336 2785 14
366 2741 494 2786 lusos
529 2741 591 2784 M
757 2742 916 2786 lemma
948 2742 1113 2786 addidi
1295 2746 1349 2785 15
1380 2754 1502 2786 111661
1530 2742 1666 2796 tarpe
1701 2741 1764 2784 M
1791 2741 1852 2796 cf'.

159 2801 348 2845 Hermes
380 2805 424 2854 8,
457 2805 517 2845 89
623 2806 676 2845 19
710 2801 842 2856 po&a
875 2802 938 2844 M
1039 2806 1096 2845 20
1127 2802 1295 2858 potens
1329 2800 1555 2856 clauoque
1581 2800 1642 2844 oh
1665 2800 1852 2846 Rem&a

161 2861 225 2903 M
357 2866 412 2904 22
445 2860 763 2904 comediarum
795 2861 869 2915 M,
902 2860 1165 2905 comoedias
1198 2876 1227 2917 ς
1356 2865 1410 2904 25
1445 2862 1619 2904 oratius
1651 2860 1851 2905 scribere

162 2919 226 2961 M
328 2924 384 2964 26
416 2919 659 2964 bubcohta
689 2920 742 2963 in
771 2919 988 2964 bucolica
1019 2934 1134 2965 corr.
1166 2935 1222 2964 m.
1255 2925 1298 2964 1.
1326 2920 1390 2964 M
1491 2932 1642 2977 uergn
1672 2921 1852 2964 Inoctia

162 2978 235 3033 M,
267 2978 456 3036 uergilii
486 2980 627 3024 notat>
749 2985 804 3023 27
837 2979 987 3024 frusta
1016 2981 1079 3023 M
1196 2985 1253 3024 28
1286 2995 1449 3036 quum:
1483 2983 1563 3034 qffi
1595 2978 1849 3035 (quoniam)

161 3037 225 3081 M
342 3040 676 3084 comsummate
711 3039 774 3082 M
898 3043 954 3082 29
988 3053 1248 3084 sermonem
1281 3040 1344 3082 M
