1939 3197
597 111 800 155 SERMO
833 112 868 168 Ι,
903 117 971 167 10,
1006 116 1194 157 25—32.
1627 112 1737 165 239

50 247 259 300 ratione
299 247 614 299 concinnam
646 247 865 299 reddere
899 247 1213 300 orationem.
1312 248 1383 300 25
1424 266 1559 300 cum
1599 267 1735 301 uer-

51 340 154 374 sus
200 321 412 373 facias
458 323 520 372 te
566 321 772 389 ipsum
823 324 1182 389 percontor.
1259 340 1381 374 eum
1421 322 1510 390 qui
1549 340 1735 376 uersus

48 395 354 448 Lucilianos
400 393 736 463 laudauerat‚
792 395 936 464 quod
985 394 1188 448 Graeca
1233 395 1442 448 Latinis
1499 396 1736 449 admixta

47 469 298 537 habeant,
335 467 730 537 reprehendens
768 468 1084 539 interrogat,
1121 472 1303 522 utrum
1332 470 1436 522 hoc
1466 471 1582 539 ipse
1605 474 1736 523 tunc

46 545 261 595 tantum
284 542 525 595 facturus
553 542 637 611 sit,
677 561 797 595 cum
822 559 1015 610 poema
1056 544 1271 613 scribat,
1311 563 1381 596 an
1421 545 1583 598 etiam
1621 562 1736 598 cum
1758 558 1784 591 5»

47 635 199 669 reum
253 616 518 669 defendat.
647 616 718 670 25
774 635 852 669 an
907 620 968 669 et
1022 635 1157 671 cum
1213 618 1369 670 dura
1425 619 1549 671 tibi
1594 637 1734 688 per-

48 691 296 760 agenda
347 691 441 742 rei
496 691 581 742 sit
627 708 818 744 causa
871 691 1110 743 Petilli.
1188 692 1424 762 maligne
1464 692 1736 746 Petillium

47 762 413 834 Capitolinum
453 764 640 817 duram
680 783 898 818 causam
935 765 1132 818 habere
1174 766 1321 834 dixit,
1361 767 1607 834 quamuis
1644 768 1734 819 ab-

48 840 254 892 solutus
303 839 387 891 sit.
483 839 628 891 hunc
676 841 855 891 autem
908 841 961 890 et
1016 858 1178 909 supra
1227 841 1530 892 rettulimus
1584 859 1735 893 reum

43 913 212 965 fuisse
250 913 519 965 furtorum
557 914 616 965 in
655 911 922 981 Capitolia
962 914 1112 966 0111118
1153 916 1332 966 0118108
1372 914 1563 967 fuerat.
1662 916 1732 968 28
1760 931 1804 962 10

45 1005 181 1040 cum
228 986 458 1039 Pedius
515 1004 742 1039 causas
798 986 1029 1039 exudet
1081 987 1439 1056 Puplicola.
1537 987 1733 1042 Pedius

43 1061 322 1130 Puplicola
355 1063 408 1113 et
438 1060 674 1113 Messala
705 1060 837 1114 adeo
879 1080 1093 1114 curasse
1135 1062 1398 1131 (1100111111,
1435 1080 1504 1114 110
1531 1061 1736 1117 Graeca

44 1134 252 1187 Latinis
292 1135 470 1187 uerbis
510 1135 872 1204 inmiscerent‚
911 1139 971 1188 ut
1009 1135 1242 1188 Messala
1280 1137 1484 1206 primus
1524 1137 1734 1189 funam-

44 1210 233 1262 bulum
284 1209 496 1277 dixerit‚
552 1227 620 1261 ne
676 1206 1048 1278 σχοινοβοὲτην
1107 1210 1320 1263 diceret.
1412 1213 1537 1280 post
1590 1211 1734 1264 hunc

46 1283 391 1336 Terentius
432 1283 587 1335 dixit:
628 1283 1012 1336 Funambuli
1060 1285 1276 1337 eodem
1317 1285 1594 1337 accessit
1632 1304 1732 1338 ex·
1758 1299 1800 1331 15

44 1359 344 1427 pectatiO.
482 1358 553 1410 30
601 1356 914 1411 Canusini
961 1376 1144 1411 more.
1229 1359 1545 1428 bilinguis
1587 1359 1735 1429 dixit,

46 1433 300 1500 quoniam
346 1435 573 1500 utraque
620 1432 808 1502 lingua
854 1434 938 1484 usi
993 1436 1141 1501 sunt,
1194 1433 1331 1486 sicut
1376 1452 1472 1502 per
1519 1452 1734 1486 omnem

43 1507 197 1559 illum
235 1509 468 1559 tractum
493 1506 699 1575 Italiae,
739 1507 993 1575 quoniam
1034 1525 1097 1559 ex
1135 1508 1336 1560 maiore
1368 1511 1520 1577 parte
1546 1506 1734 1560 Graeci

44 1581 122 1633 ibi
158 1581 514 1649 incoluerunt,
554 1598 618 1632 ex
659 1598 763 1648 quo
799 1580 1032 1651 Magnae
1058 1580 1310 1634 Graeciae
1349 1600 1549 1634 nomen
1588 1600 1733 1634 acce-

43 1656 138 1724 pit.
215 1654 334 1707 ideo
383 1672 508 1724 ergo
557 1657 610 1706 et
656 1654 905 1707 Ennius
957 1658 1009 1707 et
1055 1655 1346 1708 Lucilius
1399 1655 1733 1709 εΒ11111000
1758 1672 1801 1704 20

44 1728 354 1799 bilingui'
389 1729 649 1781 dixerunt.
749 1729 820 1782 32
853 1730 1064 1782 uetuit
1102 1749 1193 1782 me
1233 1731 1353 1782 tali
1391 1748 1544 1783 uoce
1587 1730 1734 1793 Qui-

44 1804 225 1856 rinus
272 1806 420 1872 post
464 1803 735 1855 mediam
780 1807 1032 1857 noctem
1080 1805 1258 1857 uisus
1308 1823 1444 1857 cum
1486 1806 1737 1858 somnia

45 1896 209 1930 uera.
287 1878 560 1947 eleganter
611 1896 642 1929 a
683 1877 908 1940 Quirino
950 1897 1005 1931 se
1044 1879 1376 1948 prohibitum
1416 1879 1493 1931 ait
1532 1878 1734 1931 Graeca

44 1951 268 2004 Latinae
315 1952 532 2021 linguae
581 1952 895 2021 admiscere,
943 1953 1198 2021 quoniam
1248 1954 1431 2021 utique
1471 1953 1732 2005 Romulus

44 2029 107 2078 ut
144 2026 380 2078 nominis
420 2026 498 2077 ita
537 2026 700 2077 etiam
738 2026 956 2096 linguae
981 2026 1258 2078 Romanae
1299 2030 1483 2079 auctor
1521 2027 1734 2079 uidetur
1757 2042 1800 2075 25

47 2117 177 2153 esse.
252 2099 434 2151 ferunt
480 2102 659 2152 autem
709 2104 834 2168 post
871 2101 1103 2153 mediam
1142 2104 1357 2153 noctem
1398 2101 1606 2153 somnia
1643 2119 1732 2153 110-

45 2175 188 2226 riora
228 2192 358 2242 esse,
399 2174 524 2243 quia
562 2177 691 2226 tunc
733 2174 894 2226 etiam
937 2193 1088 2227 mens
1131 2178 1184 2227 01
1224 2194 1255 2227 0
1292 2178 1425 2244 potu
1466 2177 1519 2227 01
1559 2194 1589 2226 0
1615 2175 1732 2228 cibo

169 2326 222 2364 15
254 2321 364 2365 Hec.
397 2320 514 2377 prol.
548 2325 605 2364 34
729 2326 783 2366 20
816 2322 933 2364 Ann.
968 2326 1054 2365 488
1177 2321 1285 2365 Luc.
1317 2321 1485 2378 fragm.
1520 2321 1599 2375 111,
1635 2326 1688 2365 16

168 2446 190 2482 1
223 2440 357 2483 schol.
390 2441 451 2483 acl
483 2453 588 2483 cum
619 2454 779 2484 uersus
814 2475 821 2483 .
850 2475 859 2484 .
892 2441 945 2483 in
970 2440 1033 2483 M
1062 2444 1125 2483 est
1151 2443 1256 2495 post
1284 2440 1416 2484 schol.
1452 2441 1514 2484 acl
1546 2454 1605 2483 au
1637 2440 1675 2484 81

45 2503 71 2541 2
104 2512 261 2542 uersos
291 2499 540 2542 lucihanus
575 2498 639 2542 M
777 2505 802 2543 3
835 2500 1009 2543 latmus
1043 2499 1106 2542 M
1255 2504 1307 2542 13
1340 2499 1639 2544 funambulus
1674 2496 1737 2542 M

168 2562 223 2600 14
263 2558 632 2614 (ΧΥΝΟΒΑΤΗΝ
676 2559 739 2601 Μ
901 2560 1010 2616 post
1051 2593 1060 2602 .
1095 2594 1104 2602 .
1146 2558 1409 2614 expectatio
1442 2560 1631 2602 delenda
1662 2559 1733 2601 ui-

46 2617 213 2660 dentwr
349 2621 403 2660 15
435 2619 685 2661 terrentms
719 2618 782 2661 M
808 2618 1134 2662 funambulum
1169 2618 1232 2660 M
1371 2619 1639 2675 expectamo
1673 2617 1737 2660 M

169 2681 223 2720 16
252 2675 392 2720 'schol
432 2690 479 2721 u.
520 2681 581 2721 30
612 2681 720 2733 post
755 2678 843 2721 sch.
883 2693 929 2722 u.
970 2681 1032 2722 32
1067 2682 1130 2721 est
1159 2678 1212 2721 in
1244 2677 1309 2720 M
1472 2683 1525 2721 19
1572 2690 1733 2733 magni

47 2748 201 2793 grecie
235 2735 299 2778 M
453 2741 507 2780 21
541 2735 775 2795 bilingues
807 2737 1046 2781 Bruttates
1082 2736 1133 2780 Ο.
1169 2737 1343 2781 ΙΙΙᾱῐῐεν
1376 2737 1437 2780 ad
1467 2736 1656 2779 Festum
1681 2749 1731 2791 p.

46 2798 106 2839 35
145 2799 187 2839 et
223 2793 385 2839 Etrus.
425 2809 511 2840 rer.
545 2796 668 2840 Intr.
709 2797 757 2850 I,
805 2801 847 2840 6.
885 2796 937 2840 T.
970 2797 1018 2850 Ι,
1050 2810 1099 2852 p.
1133 2800 1197 2841 24
1234 2796 1455 2839 Brutaces
1497 2795 1731 2852 bilingues

49 2853 124 2897 ‘ex
154 2858 330 2899 uetusto
362 2855 527 2899 codice'
571 2855 777 2912 Scaliyer
815 2857 876 2900 ad
913 2855 1115 2900 Festum.
1181 2855 1295 2899 Cum
1326 2859 1367 2898 et
1397 2856 1450 2898 in
1482 2854 1631 2908 Guelf.
1664 2867 1732 2898 co-

45 2914 143 2958 dice
176 2914 322 2958 Pauli
352 2917 393 2958 et
422 2915 475 2957 in
500 2914 773 2959 Monacensi
803 2915 1051 2960 Bruttaces
1084 2916 1196 2970 (non
1225 2914 1481 2970 Bruttates)
1511 2915 1732 2970 scriptum

45 2974 120 3026 sit,
145 2985 294 3018 censeo
318 2974 370 3017 in
396 2973 549 3018 Paulo
572 2974 819 3019 Bruttaces
844 2979 884 3018 et
914 2976 967 3019 in
999 2975 1170 3030 Porph.
1195 2974 1415 3017 Bruttace
1446 2973 1733 3018 scribendum

47 3045 137 3077 esse
258 3038 313 3077 26
347 3046 503 3077 omma
535 3033 599 3077 M
716 3038 771 3078 27
805 3035 975 3078 etlam:
995 3034 1091 3078 iam
1126 3048 1155 3089 ς
1185 3033 1290 3088 fort.
1323 3036 1437 3077 recte
