1939 3197
773 103 893 148 oDE
925 104 959 160 Ι,
994 108 1062 148 17.
1686 103 1760 156 23

72 243 156 294 lis
197 242 294 310 ait,
344 240 486 309 quod
532 240 591 291 in
628 240 799 291 tutela
838 238 1027 290 Martis
1070 238 1191 290 sint.
1311 239 1378 290 10
1417 239 1759 307 utcumque

75 315 250 368 dulci
289 314 568 383 Tyndari
605 313 839 365 fistula
878 313 1084 364 ualles
1125 315 1185 364 et
1223 310 1486 364 Usticae
1526 313 1760 364 cuban-

73 389 160 441 tis
199 388 369 440 leuia
408 405 800 456 personuere
842 404 1006 438 saxa,
1045 388 1386 454 utcumque
1426 404 1524 454 pro
1566 385 1759 454 ‘quan-

73 460 416 530 documque'3
451 479 638 513 sensus
670 461 836 512 enim:
878 460 1322 528 quandocumque
1355 463 1517 511 cantu
1549 460 1760 511 fistulae

71 534 248 587 Fauni
294 534 511 588 Usticae
559 535 758 587 montis
807 552 935 586 saxa
981 536 1360 602 resonuerunt,
1414 536 1560 585 metu
1616 534 1757 586 colu·
1782 547 1803 579 5

73 609 293 661 brarum
340 611 393 661 et
438 609 689 677 luporum
736 625 927 676 caprae
975 625 1122 658 meae
1168 607 1488 675 liberantur3
1541 606 1760 660 Faunus

72 683 220 734 enim
276 700 364 734 eas
419 683 477 733 in
530 682 792 734 honorem
838 699 1015 732 meum
1061 684 1256 733 tuetur.
1375 682 1439 732 11
1497 679 1760 734 Usticae

72 756 390 808 cubantis,
459 755 648 807 Ustica
687 774 843 807 mons
882 755 940 806 in
974 753 1187 806 Sabinis
1228 757 1325 822 est,
1365 772 1523 822 quem
1562 755 1761 806 cuban-

73 833 186 882 tem
227 830 465 882 suauiter
504 829 638 881 dixit
677 829 743 880 ad
783 829 1092 897 resupinam
1123 828 1399 896 regionem
1431 829 1543 880 eius
1576 828 1786 879 adten-‘

4 923 6 925 ·
75 904 224 956 dens,
340 905 408 955 14
446 903 594 955 hinc
633 903 756 954 tibi
796 903 981 970 copia
1020 902 1307 954 manabit
1347 902 1422 953 ad
1460 921 1510 970 p.
1550 902 1600 954 b.
1639 902 1677 953 f.
1708 902 1760 954 h.
1786 917 1827 948 10

75 977 140 1029 de
182 975 381 1030 Sabino
420 976 588 1029 fundo
638 977 853 1028 scilicet.
931 976 1059 1028 ordo
1108 978 1190 1027 est
1236 979 1438 1027 autem:
1492 975 1618 1028 hinc
1663 975 1764 1028 tibi

72 1051 145 1103 ad
183 1052 402 1119 plenum
442 1050 686 1103 manabit
718 1051 974 1119 opulenta
1007 1050 1174 1118 copia.
1243 1050 1525 1118 benigno
1566 1068 1763 1102 cornu

75 1125 326 1177 uidelicet
365 1125 582 1193 copioso
624 1127 677 1176 et
717 1124 897 1176 diuite.
972 1142 1101 1175 nam
1141 1142 1307 1175 cornu
1346 1123 1560 1176 uidetur
1599 1124 1762 1193 signi-

73 1198 235 1259 ficare
289 1197 592 1266 Fortunae,
659 1198 801 1267 quod
855 1197 1114 1250 Hercules
1170 1198 1469 1249 detractum
1522 1196 1761 1249 Acheloo

70 1273 250 1325 uictor
298 1273 491 1324 dicitur
545 1273 773 1325 donasse
820 1271 1116 1339 Fortunae,
1168 1271 1327 1339 idque
1383 1271 1544 1323 etiam
1598 1271 1762 1340 uulgo
1789 1285 1831 1317 15

76 1364 245 1399 cornu
299 1346 483 1415 copiae
538 1347 740 1398 dicitur.
825 1345 992 1397 ruris
1055 1345 1297 1397 honore
1358 1344 1413 1396 id
1465 1348 1546 1396 est
1596 1345 1789 1413 copiis-

73 1420 304 1472 rusticis.
452 1420 516 1472 18
549 1423 609 1471 et
640 1419 771 1471 fide
807 1419 971 1471 Teia.
1041 1417 1330 1470 Anacreon
1367 1419 1564 1486 lyricus
1603 1421 1765 1487 poeta

75 1493 235 1545 Teius
275 1493 392 1562 fuit,
430 1493 484 1545 id
526 1496 620 1562 est,
660 1493 726 1544 ab
767 1493 898 1544 urbe
924 1491 1071 1560 Teio,
1111 1511 1272 1560 quam
1302 1492 1361 1543 in
1391 1491 1765 1561 Paphlagonia

75 1585 191 1619 esse
233 1565 588 1619 Sallustius
636 1567 859 1634 indicat,
907 1584 1027 1618 eum
1076 1566 1139 1618 de
1181 1566 1288 1618 situ
1326 1565 1554 1618 Pontico
1593 1565 1764 1635 loqui-

72 1644 178 1692 tur.
253 1641 386 1693 fides
427 1644 605 1693 autem
646 1640 875 1693 chordae
916 1640 1188 1707 dicuntur,
1235 1640 1378 1691 unde
1428 1647 1482 1691 et
1521 1640 1765 1692 macinas
1790 1656 1833 1687 20

76 1715 263 1767 comici
304 1715 490 1767 dicunt
522 1714 890 1767 citharistrias,
951 1714 1280 1782 repromittit
1311 1731 1440 1783 ergo
1474 1713 1676 1766 amicae
1707 1715 1766 1766 in

70 1789 251 1857 >agello
292 1807 387 1841 suo
430 1806 484 1841 se
525 1807 645 1841 cum
686 1807 748 1840 ea
787 1788 1012 1857 lyricum
1052 1806 1268 1840 carmen
1307 1790 1662 1840 cantaturum.

80 1863 147 1914 19
187 1863 554 1915 laborantis
594 1863 660 1914 in
698 1881 822 1914 uno
862 1861 919 1914 P.
951 1882 1000 1914 u.
1062 1863 1127 1913 in
1165 1880 1315 1914 uno:
1355 1860 1512 1913 Ulixe
1546 1862 1764 1929 scilicet,

71 1939 132 1988 et
180 1937 361 2005 utique
410 1935 610 1989 eamore
655 1935 1000 1989 laborantes'.
1076 1936 1305 1987 uitream
1346 1934 1535 1987 Circen
1574 1953 1766 2003 parum

76 2010 266 2063 decore
306 2010 438 2062 mihi
476 2011 691 2063 uidetur
730 2010 925 2062 dixisse
964 2029 1062 2078 pro
1111 2009 1352 2061 candida.
1467 2009 1536 2060 21
1577 2009 1765 2061 Lesbii.
1789 2023 1835 2056 25

76 2084 470 2136 antonomasia.
524 2103 638 2137 non
676 2084 818 2135 enim
860 2082 1026 2134 euini'
1068 2083 1215 2134 dixit.
1330 2083 1398 2134 21
1440 2081 1543 2133 hic
1581 2083 1765 2134 inno-

78 2158 283 2209 centis
323 2158 554 2226 pocula
592 2157 808 2209 Lesbii
847 2157 901 2208 id
941 2159 1044 2208 est:
1085 2157 1219 2208 lenis
1261 2159 1315 2208 et
1354 2156 1572 2208 minime
1605 2159 1768 2225 caput

77 2231 369 2283 onerantis
445 2229 624 2283 Lesbii
664 2234 843 2282 autem
881 2230 997 2282 uini
1033 2229 1480 2299 intellegendum:
1522 2248 1554 2281 a
1591 2229 1767 2282 Lesbo

75 2305 269 2357 insula.
384 2305 455 2356 22
494 2323 609 2357 nec
657 2303 1031 2367 Semeleius¹
1068 2323 1204 2356 cum
1249 2303 1452 2355 Marte
1499 2304 1767 2356 confun-

78 2379 182 2430 det
221 2378 576 2447 Thyoneus.
640 2378 863 2447 Thyone
890 2375 1094 2430 Semele
1127 2397 1158 2430 a
1183 2376 1399 2430 Graecis
1432 2377 1589 2447 dicta,
1627 2377 1767 2430 unde
1792 2395 1836 2427 30

202 2559 253 2597 19
290 2552 476 2597 Sallust.
509 2553 630 2599 Hist.
663 2559 703 2608 3,
737 2557 795 2596 44
826 2553 956 2597 Kritz

201 2720 226 2757 3
258 2727 564 2770 personuaere
599 2715 663 2759 M
757 2721 782 2759 6
815 2716 869 2758 ut
902 2716 965 2758 M
1060 2721 1086 2759 9
1118 2715 1385 2758 resubmam
1419 2715 1482 2757 M
1588 2719 1643 2758 10
1674 2726 1769 2757 ma-

78 2775 218 2817 namt
251 2773 314 2816 M
433 2779 486 2817 11
519 2774 598 2818 de:
630 2773 679 2817 id
711 2775 782 2818 est
814 2774 877 2817 M
996 2779 1049 2818 13
1082 2774 1259 2818 diuitae
1293 2774 1356 2816 M
1483 2776 1540 2816 14
1569 2772 1770 2816 herculis

79 2833 146 2875 M
175 2838 177 2840 '
251 2837 304 2876 16
338 2845 475 2888 copia
504 2847 621 2877 runs
658 2833 720 2875 M
830 2838 882 2877 17
915 2834 1012 2876 te1a
1044 2847 1070 2877 o
1104 2834 1168 2876 M
1281 2833 1469 2885 Iuncus,
1499 2846 1532 2888 y
1561 2845 1664 2888 sup.
1693 2845 1770 2885 sc„

82 2891 146 2934 M
266 2897 318 2935 18
354 2905 451 2935 eius
486 2891 549 2933 M
679 2892 1015 2948 impaflagonia
1048 2893 1112 2934 M
1246 2897 1299 2935 19
1332 2891 1410 2935 de:
1449 2891 1498 2934 te
1533 2891 1596 2934 M
1713 2896 1771 2934 24

81 2963 240 2994 amore
271 2950 551 2994 liberatisM
675 2955 731 2994 25
763 2950 923 2994 Lesbii
953 2964 1036 2994 om.
1072 2951 1136 2994 M
1252 2954 1308 2993 27
1341 2949 1493 3006 capud
1526 2950 1591 2993 M
1714 2955 1769 2993 29

77 3009 214 3053 schol.
247 3023 292 3053 u.
326 3013 392 3056 22
426 3013 532 3054 ante
562 3010 650 3053 sch.
683 3023 728 3053 u.
761 3013 819 3054 19
852 3014 915 3053 est
945 3011 997 3052 in
1030 3010 1094 3052 M
1248 3023 1353 3052 cum
1383 3009 1555 3053 Marte:
1589 3022 1675 3052 em.
1711 3008 1775 3052 M
