1939 3197
109 561 130 592 5

87 1672 130 1702 20

154 93 258 144 162
822 92 1071 138 EPODON
1107 99 1174 138 11.

679 226 929 270 EPODON
963 226 1218 271 CARMEN
1252 233 1272 271 1
1283 234 1319 272 1.

301 319 478 371 Petti
524 318 692 370 nihil
739 336 832 369 me
874 319 1041 370 sicut
1081 321 1274 370 antea
1312 320 1511 371 iuuat.
1608 318 1847 371 Pettium

153 393 595 446 contubernalem
635 392 942 460 adloquitur
980 392 1224 445 indicans
1252 397 1510 462 occupato
1538 392 1639 445 sibi
1665 411 1845 444 amore

153 467 366 535 Lycisci
419 466 572 535 pueri
625 484 738 518 non
792 466 958 518 libere
1012 485 1198 518 uersus
1254 468 1498 519 scribere.
1652 466 1686 519 5
1740 466 1845 518 hic

154 542 391 593 tertius
440 540 790 592 December
854 559 925 592 ex
981 559 1102 609 quo
1152 541 1380 592 destiti
1426 540 1695 593 Inachia
1747 540 1846 592 fu-

153 633 291 666 rere
340 615 526 667 siluis
572 614 883 667 honorem
931 615 1190 666 decutit.
1281 615 1538 667 siluarum
1584 614 1846 666 honorem

152 689 284 741 folia
310 690 563 741 arborum
589 691 642 740 et
672 686 1010 757 Uergilius
1044 689 1177 740 dixit
1216 688 1517 758 Frigidus
1556 691 1616 740 et
1659 689 1845 741 siluis

154 763 373 832 aquilo
423 763 709 827 decussit
758 763 1081 815 honorem.
1180 781 1236 814 re
1275 782 1404 815 uera
1445 766 1622 815 autem
1662 781 1847 815 mense

153 837 265 889 fere
305 837 590 889 Decembri
632 837 933 905 spoliantur
973 838 1190 889 arbores
1230 837 1391 890 foliis.
1521 839 1549 889 7
1599 837 1711 889 heu
1760 854 1851 888 me

87 929 258 979 ioper
296 912 523 974 urbem,
562 929 703 962 nam
731 912 921 977 pudet
951 913 1112 963 tanti
1143 912 1315 980 mali,
1353 912 1575 977 fabula
1613 915 1849 978 Quanta

151 986 263 1051 fui.
341 987 461 1038 ordo
501 989 597 1037 est:
639 985 774 1036 eheu
814 1003 912 1054 1116,
951 1004 1047 1054 per
1087 986 1274 1037 urbem
1307 989 1510 1054 quanta
1541 986 1727 1037 fabula
1751 985 1846 1036 fui.

153 1059 257 1112 hoc
284 1062 463 1111 autem
490 1059 642 1127 quasi
674 1059 823 1110 iuxta
857 1060 1151 1127 sepositum
1184 1060 1413 1111 inlatum
1447 1063 1528 1111 est
1559 1078 1702 1111 nam
1734 1078 1846 1127 pu·
1926 1058 1939 1095 3

155 1133 260 1184 det
298 1134 469 1185 tanti
507 1133 673 1184 mali.
738 1133 880 1202 quod
913 1134 1032 1185 ideo
1065 1134 1264 1201 intulit7
1303 1138 1365 1185 ut
1397 1134 1718 1200 ostenderet,
1752 1151 1849 1185 cur
1932 1186 1937 1193 Δ

153 1207 519 1276 ingemuisset.
635 1207 667 1258 9
709 1207 774 1258 in
808 1208 950 1275 quis
991 1211 1308 1259 amantem
1347 1208 1725 1277 languoret
1765 1207 1849 1258 si-
1926 1224 1939 1253 vt

110 1300 130 1331 5
155 1282 426 1332 lentium
468 1281 698 1350 arguit.
758 1280 975 1351 ‘arguit'
1001 1281 1176 1333 media
1201 1282 1407 1350 syllaba
1431 1281 1694 1350 producta
1725 1299 1848 1349 pro-
1930 1331 1935 1339 ⁴

153 1355 538 1424 nuntiandum,
596 1355 721 1423 (11116
767 1356 1065 1424 praesentis
1119 1356 1378 1424 temporis
1434 1359 1529 1408 est.
1671 1356 1739 1407 10
1786 1358 1849 1407 et
1928 1361 1935 1387 ³

153 1430 356 1481 latere
387 1430 633 1498 petitus
664 1430 789 1481 iino
825 1430 1111 1498 spiritus.
1161 1431 1438 1496 laterepetz’
1462 1430 1711 1498 spiritum
1734 1448 1848 1481 non
1913 1439 1931 1498 ,ἐξ

154 1506 370 1571 pectore
413 1504 502 1571 ait,
543 1504 797 1572 quoniam
837 1505 894 1555 in
937 1504 1256 1572 suspirando
1309 1507 1522 1556 constat
1560 1505 1731 1556 latera
1770 1505 1847 1555 la-
1917 1509 1929 1566 ἓ

153 1577 359 1630 borare.
478 1578 542 1628 11
595 1581 905 1630 contrane
953 1580 1195 1630 lucrum
1234 1578 1401 1630 nihil
1440 1579 1656 1630 ualere
1699 1596 1846 1630 can·
1915 1574 1929 1616 f*

157 1651 368 1702 didum
408 1652 711 1720 pauperis
752 1652 1100 1721 ingenium.
1164 1655 1353 1704 contra
1383 1653 1615 1704 lucrum:
1658 1655 1846 1705 contra

155 1725 390 1777 studium
429 1726 562 1776 lucri
603 1725 656 1776 id
698 1728 779 1776 est
820 1729 1008 1778 contra
1048 1726 1346 1778 auaritiam.
1411 1745 1600 1779 sensus
1641 1729 1845 1779 autem:
1917 1763 1920 1766 -

155 1800 416 1867 querebar
438 1800 537 1850 tibi
562 1800 796 1867 plorans7
827 1801 968 1868 quod
995 1800 1195 1852 candor
1221 1801 1385 1851 animi
1410 1801 1514 1852 mei
1539 1804 1592 1852 et
1615 1800 1848 1854 honesta

155 1873 470 1942 simplicitas
498 1874 610 1925 sine
639 1873 775 1925 datis
802 1874 938 1925 nihil
964 1874 1170 1944 gratiae
1194 1874 1419 1926 haberet
1452 1875 1593 1944 apud
1627 1893 1847 1927 auaram
1905 1935 1911 1938 ‚
1934 1915 1935 1921 ,

154 1948 404 2015 puellam.
509 1948 575 1998 12
610 1948 922 2015 querebar
962 1949 1312 2016 adplorans
1352 1949 1476 2001 tibi
1517 1949 1708 2001 simul
1748 1967 1845 2000 ca·
1914 1982 1923 2021 i

112 2021 353 2073 5lentis
408 2022 887 2074 inuerecundus
943 2023 1095 2074 deus
1142 2022 1501 2075 feruidiore
1541 2041 1708 2074 mero
1750 2041 1846 2074 ar-

156 2113 315 2147 cana
353 2099 686 2163 promorat
724 2097 879 2149 loco.
944 2097 1073 2149 ordo
1115 2099 1219 2148 est:
1263 2097 1421 2149 simul
1453 2096 1845 2148 inuerecundus
1911 2153 1921 2157 ,

156 2169 285 2220 deus
327 2170 548 2221 calentis
589 2188 786 2222 arcana
824 2173 1102 2239 promorat
1131 2171 1266 2223 1060.
1329 2174 1382 2223 et
1421 2171 1604 2240 utique
1645 2170 1846 2223 ‘amore

156 2243 398 2294 calentis'
463 2244 847 2312 accipiendum.
963 2263 1149 2297 sensus
1212 2263 1340 2297 uero
1403 2245 1490 2297 hic
1554 2248 1660 2297 est:
1725 2263 1846 2297 cum

156 2316 386 2368 ebrietas
436 2318 777 2369 seueritatem
828 2320 1110 2387 pepulerat
1159 2323 1374 2388 pectore
1415 2337 1549 2386 meo,
1589 2322 1704 2370 tum
1745 2335 1845 2387 ego

276 2466 299 2504 7
335 2461 502 2519 Georg.
538 2468 576 2517 2,
610 2468 697 2506 404

275 2601 302 2638 4
327 2609 497 2651 uersos,
523 2611 553 2639 u
577 2610 610 2638 S.
638 2597 664 2639 Z.
694 2597 756 2638 M
845 2602 870 2638 5
904 2598 1074 2640 tercius
1101 2597 1319 2641 decerber
1347 2632 1355 2640 .
1382 2633 1391 2642 .
1419 2597 1603 2640 destitit
1626 2596 1846 2640 1116611616
1911 2600 1935 2646 «ᾗ

157 2655 220 2698 M
339 2660 363 2698 6
395 2655 618 2698 honorem
650 2655 784 2699 folia:
819 2656 1036 2699 arborum
1068 2656 1181 2699 folia
1215 2657 1277 2699 M
1396 2662 1420 2699 9
1453 2657 1562 2699 haec
1593 2656 1757 2699 addidi

157 2720 210 2757 12
243 2713 377 2756 iuxta
409 2714 661 2770 sepositum
694 2728 776 2757 nos
808 2716 881 2770 (=
913 2728 998 2771 per
1028 2715 1332 2770 parenthesin
1364 2715 1601 2771 inlatum):
1634 2715 1766 2757 iuxta
1797 2728 1844 2758 se
1899 2709 1917 2764 f?-

130 2774 360 2828 positum
400 2773 447 2815 M
481 2788 530 2829 ς,
569 2772 678 2816 111116
710 2778 751 2816 et
788 2774 943 2830 posito
977 2775 1132 2831 Pauly
1171 2776 1433 2830 suspicatur
1617 2778 1669 2816 15
1710 2787 1845 2829 argui

155 2832 311 2875 media
343 2832 522 2887 syllabe
553 2832 778 2889 producte
813 2834 875 2875 M
996 2839 1047 2876 17
1082 2833 1298 2889 spiritum
1330 2834 1510 2888 <latere
1540 2832 1681 2889 peti>
1703 2833 1843 2887 uulyo
1892 2831 1916 2896 Ξ

154 2892 367 2945 supplent
490 2897 544 2935 18
577 2891 798 2947 quoniam
829 2905 933 2935 snos.-
966 2906 1105 2947 quam
1141 2893 1203 2935 M
1232 2893 1342 2948 quia
1374 2895 1445 2936 uel
1474 2891 1600 2948 quod
1633 2905 1662 2945 ς
1786 2896 1842 2934 23

156 2949 279 2992 datis
314 2950 376 2992 M
383 2967 396 2992 .·
428 2950 604 2993 diuitiis
639 2965 667 3005 ς
788 2955 844 2994 25
878 2951 1081 2994 archana
1111 2955 1339 3008 promirat
1371 2953 1434 2994 M
1552 2956 1605 2993 27
1639 2949 1845 2994 archana

154 3008 222 3051 M
341 3014 396 3052 29
428 3023 552 3052 meo:
584 3024 631 3053 in
665 3023 718 3053 eo
754 3010 817 3052 M

1906 2760 1916 2774 j

1906 2786 1916 2804 ’,ι

1898 2804 1916 2829 ,5¹
1929 2815 1931 2819 ,
