1939 3197
582 57 701 102 ODE
734 58 766 113 Ι,
800 61 856 100 25
889 59 937 101 et
969 62 1024 101 26
1056 57 1105 101 et
1137 62 1205 102 27.
1438 98 1444 103 .
1663 58 1731 109 31

47 194 230 246 fictum
276 193 511 259 uidetur,
559 192 700 260 quod
741 191 1030 261 significat:
1071 209 1191 244 cum
1230 192 1410 245 furore
1451 193 1735 246 concitare.

49 285 211 336 equas
236 269 415 319 autem
438 267 612 335 magis
637 266 825 318 ceteris
851 266 1173 318 animalibus
1196 266 1254 317 in
1278 266 1556 318 libidinem
1575 284 1733 319 uene-

47 342 181 393 riam
200 340 419 392 accendi
443 342 496 391 et
512 338 844 409 Uergilius
868 340 1021 391 testis
1047 342 1129 392 est
1147 340 1224 391 ita
1242 339 1445 392 dicens:
1471 338 1735 392 Scilicet

48 417 194 466 ante
244 431 460 467 omnes
507 413 688 465 furor
735 416 832 465 est
870 413 1153 482 insignis
1194 431 1510 482 equarum.
1666 413 1734 466 15

44 488 339 540 ulcerosum.
394 488 692 539 ulceratum
724 505 789 539 ex
821 489 1147 555 contemptu
1258 489 1322 539 17
1363 488 1537 539 laeta
1568 487 1733 556 quod
1756 501 1781 533 5

44 562 247 629 pubes
285 561 522 613 hedera
559 561 815 613 uirenti.
886 560 1015 612 ordo
1057 564 1160 613 est:
1199 562 1343 613 laeta
1382 561 1525 629 quod
1563 561 1731 630 pubes

43 635 243 687 hedera
273 636 445 704 magis
486 634 720 705 gaudeat
752 637 806 687 ct
843 635 992 703 pulla
1030 638 1222 703 myrto.
1293 636 1434 703 quod
1473 652 1569 703 per
1608 636 1733 687 alle-

44 709 253 778 goriam
290 709 394 761 hoc
434 708 727 778 significat,
764 709 1079 761 iuuenculos
1118 709 1354 761 iuniores
1393 710 1733 761 mulierculas

45 800 313 851 quaerere.
395 783 600 852 pullam
656 785 835 834 autem
889 785 1124 851 myrtum
1187 785 1610 834 succrescentem
1671 800 1733 835 ac

41 874 138 924 per
175 856 277 908 hoc
317 856 587 909 nouellam
636 856 1074 926 intellegendum.
1193 856 1259 908 19
1301 856 1514 908 aridas
1553 856 1732 908 fron·
1758 870 1803 901 1⁰

44 929 150 982 des
206 931 552 983 conuenienti
608 931 870 999 superiori
926 931 1183 999 allegoria
1235 949 1333 998 pro
1382 931 1579 982 uetulis
1620 949 1732 982 mu-

40 1003 260 1056 lieribus
311 1004 458 1056 dixit.
574 1005 647 1057 20
685 1004 874 1057 Hebro,
950 1003 1165 1057 Hebrus
1221 1004 1481 1056 Thraciae
1534 1004 1731 1056 fluuius

43 1080 139 1130 est.
214 1078 443 1130 hiemis
484 1078 692 1130 sodali
732 1078 984 1131 dedicet
1022 1077 1254 1130 Hebro,
1330 1079 1417 1131 uel
1458 1078 1601 1146 quod
1640 1078 1734 1129 fri-

43 1151 198 1220 gidus
231 1152 302 1204 sit
331 1151 545 1204 Hebrus
576 1153 768 1204 hiemis
802 1152 1000 1205 sodalis
1033 1152 1228 1205 dicitur
1258 1153 1347 1204 uel
1381 1152 1522 1221 quod
1562 1152 1731 1220 partis

43 1226 493 1294 septemtrionalis
535 1227 617 1294 sit,
655 1227 748 1277 ubi
786 1226 959 1295 frigus
998 1227 1289 1278 maximum
1329 1229 1424 1278 est.
1754 1237 1798 1270 15

740 1371 859 1415 onE
895 1378 935 1428 1,
969 1377 1038 1416 26.

189 1462 388 1514 Musis
440 1463 696 1514 amicus,
772 1462 904 1514 haec
957 1462 1055 1514 ode
1108 1462 1175 1514 ad
1221 1460 1437 1514 Aelium
1487 1461 1731 1514 Lamiam

42 1536 240 1605 scripta
280 1539 383 1604 est,
430 1554 536 1604 qua
576 1536 846 1605 significat
886 1536 1056 1589 doctis
1096 1536 1226 1588 uiris
1265 1537 1472 1588 nullam
1511 1536 1730 1588 haerere

41 1611 469 1662 sollicitudinem.
621 1611 655 1662 2
713 1609 1035 1662 Creticum
1096 1628 1264 1662 mare
1327 1629 1425 1679 pro
1491 1610 1731 1678 quolibet

39 1685 177 1736 mari
208 1684 361 1752 dixit3
399 1684 477 1736 ita
509 1684 740 1753 speciem
772 1703 869 1752 pro
903 1701 1098 1754 genere
1130 1703 1260 1736 usus
1293 1688 1390 1737 est.
1503 1683 1537 1736 5
1578 1683 1730 1752 quid
1754 1696 1799 1728 20

42 1757 380 1810 Tiridaten
417 1761 678 1810 terreat.
755 1758 1020 1810 Tiridates
1059 1776 1152 1810 rex
1190 1758 1572 1811 Armeniorum
1610 1758 1729 1810 fuit.

153 1832 185 1884 9
225 1831 511 1900 Pimplea
551 1832 773 1885 dulcis.
834 1832 1159 1901 Pimpleides
1192 1832 1379 1884 Musae
1409 1833 1660 1884 dicuntur
1699 1850 1731 1883 a

39 1905 282 1974 Pimpleo
333 1906 483 1959 fonte
529 1905 891 1959 Macedoniae.
1012 1907 1075 1958 11
1128 1907 1298 1959 hunc
1348 1905 1580 1958 Lesbio
1633 1924 1728 1957 sa-

41 1997 217 2032 crare
256 1980 403 2049 plet.
444 1980 491 2032 d.
532 1999 571 2032 S.
648 1975 979 2049 ἀμφίβολον.
1037 1981 1129 2033 sed
1169 1981 1244 2033 sic
1282 1979 1728 2049 intellegendum:

42 2057 95 2105 et
131 2057 186 2105 te
225 2059 273 2106 et
315 2057 437 2106 tuas
486 2073 696 2106 sorores
745 2055 897 2106 decet
941 2055 1086 2106 hunc
1125 2052 1319 2106 Lesbio
1358 2054 1563 2122 plectro
1605 2071 1728 2105 con·
1753 2064 1796 2097 25

43 2144 263 2179 secrare.
339 2126 572 2179 Lesbio
621 2130 801 2180 autem
848 2131 1070 2196 propter
1111 2126 1328 2197 Sappho
1378 2129 1431 2179 et
1469 2125 1730 2179 Alcaeum

41 2200 187 2252 dixit.

53 2306 58 2308 >
739 2272 857 2317 ODE
895 2279 932 2329 1,
968 2278 1038 2318 27.

190 2361 380 2414 Natis
419 2364 484 2415 in
523 2383 700 2416 usum
751 2364 1064 2417 laetitiae.
1140 2365 1466 2433 protreptice
1508 2364 1607 2417 ode
1648 2366 1730 2417 est

44 2435 177 2489 haec
232 2437 299 2488 ad
361 2436 710 2506 hilaritatem,
773 2438 921 2491 cuius
978 2457 1168 2491 sensus
1225 2442 1469 2508 sumptus
1526 2441 1607 2490 est
1661 2438 1727 2489 ab
1752 2449 1795 2481 30

41 2509 380 2562 Anacreonte
420 2529 483 2564 ex
522 2512 659 2564 libro
699 2512 876 2565 tertio.
995 2514 1021 2564 1
1064 2513 1238 2564 natis
1277 2513 1343 2564 in
1381 2531 1561 2564 usum
1601 2513 1728 2563 lae-

161 2660 185 2697 3
220 2655 386 2712 Georg.
419 2661 459 2711 3,
494 2661 579 2701 266
702 2662 755 2700 31
789 2657 943 2714 Bergk
973 2673 1019 2715 p.
1050 2658 1080 2702 l.
1114 2659 1230 2714 frag.
1265 2663 1321 2702 64

163 2792 187 2828 6
219 2787 408 2845 letaque
443 2788 506 2831 M
625 2795 676 2832 11
712 2789 1008 2834 conuenienti
1039 2804 1143 2835 nos:
1176 2804 1454 2835 conueniens
1490 2790 1553 2832 M
1670 2795 1727 2833 20

43 2846 196 2901 specie
222 2862 250 2900 ς
342 2852 397 2889 22
422 2847 595 2903 piplea‚
619 2848 862 2904 pipleides‚
888 2849 1046 2905 pipleo
1073 2851 1137 2893 M
1155 2850 1261 2904 fort.
1287 2854 1401 2893 recte
1425 2849 1483 2903 cf.
1508 2849 1730 2906 Hesychii

43 2904 127 2947 lem.
240 2919 422 2949 mussae
456 2907 519 2949 M
635 2912 691 2951 25
725 2909 773 2951 et
801 2921 884 2951 om.
920 2908 984 2951 M
1090 2909 1239 2966 lespio
1273 2909 1336 2951 M
1363 2909 1431 2952 bis
1553 2913 1608 2952 26
1642 2908 1727 2962 saf-

41 2961 139 3006 fum
171 2963 207 3008 &
238 2964 418 3008 alceum
451 2965 514 3009 M
632 2971 684 3010 31
720 2968 996 3012 anacreonto
1031 2968 1095 3011 M
