1939 3197
168 94 270 147 112
765 85 884 131 ODE
917 84 995 140 ΙΙΙ,
1029 88 1087 126 24
1119 82 1167 125 et
1199 85 1270 124 25.

167 229 494 300 probrium
549 225 728 277 iubet
785 219 1037 291 quiduis
1095 221 1154 270 et
1206 216 1420 268 facere
1469 215 1529 265 et
1568 209 1719 279 pati.
1797 225 1861 259 ex

174 323 278 374 quo
321 302 510 370 coepit,
549 298 736 367 inquit,
775 296 1063 364 paupertas
1103 291 1364 361 probrosa
1403 304 1518 340 esse
1559 287 1614 337 et
1652 281 1864 336 crimini

180 379 317 447 dari,
378 394 472 445 per
527 391 682 426 omne
744 369 896 422 nefas
961 367 1179 419 diuitiae
1243 362 1427 433 quaeri
1489 359 1791 428 coeperunt.

167 454 241 506 44
278 449 672 517 uirtutisque
727 445 894 497 uiam
935 440 1195 494 deserit:
1275 435 1624 505 obprobrium
1664 430 1866 484 scilicet

134 549 155 582 5
177 524 513 596 paupertatis
561 522 705 573 uiam
746 517 943 571 deserit
979 515 1204 568 uirtutis.
1320 511 1391 564 50
1446 508 1758 561 scelerum
1813 503 1866 555 si

181 602 312 654 bene.
358 616 455 667 pro
521 594 731 648 ‘ualde'
795 592 1057 662 positum,
1118 592 1180 641 ut
1234 584 1376 655 apud
1436 582 1712 635 Ennium
1765 578 1868 629 fre-

178 677 415 745 quenter.
547 672 617 724 52
681 671 741 721 et
793 671 1053 719 tenerae
1108 661 1302 715 nimis
1358 660 1614 710 mentes,
1687 655 1870 705 utrum

181 766 470 818 puerorum
524 747 732 798 mentes
780 745 994 794 teneras
1034 737 1195 790 nimis
1236 734 1365 787 dicit
1403 748 1598 800 easque
1637 728 1871 780 forman·

176 824 270 876 das
311 823 378 875 ad
418 820 692 889 asperiora
725 816 917 884 studia,
959 833 1028 866 an
1067 829 1194 864 uero
1235 807 1632 861 luxuriosorum
1664 803 1872 854 mentes

114 921 156 953 xo
178 901 391 950 teneras
433 895 690 964 appellat,
746 910 877 960 quas
926 889 1046 941 uult
1096 884 1319 939 abiectis
1376 880 1601 952 gemmis
1652 879 1704 929 et
1742 892 1871 926 auro

178 972 406 1025 formari
446 970 513 1022 ad
546 967 819 1037 asperiora
859 962 1073 1016 studia?
1189 960 1261 1012 54
1313 955 1527 1009 nescit
1572 969 1732 1021 equo
1772 967 1873 1001 ru-

180 1047 275 1099 dis
337 1047 600 1098 haerere
677 1042 994 1110 ingenuus
1054 1053 1220 1105 puer.
1314 1030 1564 1084 irascitur
1601 1026 1876 1078 Romanos

182 1123 379 1173 omisso
435 1117 686 1171 militaris
743 1112 982 1166 exercitii
1038 1109 1214 1163 studio
1272 1106 1338 1159 ad
1379 1103 1612 1157 Graecos
1665 1100 1878 1166 ineptos

184 1195 590 1261 luxuriososque
645 1191 794 1242 lusus
848 1186 1121 1238 transisse.
1274 1180 1343 1233 59
1416 1196 1552 1231 cum
1621 1174 1882 1243 periura

127 1290 169 1323 15
193 1269 400 1338 patris
468 1266 640 1318 fides
713 1263 1075 1316 consortem
1131 1255 1375 1309 socium
1429 1252 1623 1304 fallat
1678 1249 1738 1299 et
1773 1245 1883 1297 ho-

189 1343 434 1412 spitem.
511 1358 623 1393 non
647 1341 744 1407 est,
775 1336 966 1406 inquit,
990 1334 1186 1386 mirum
1219 1328 1404 1398 augeri
1436 1324 1631 1379 cotidie
1664 1338 1883 1375 censum

188 1418 474 1485 unicuique
528 1414 887 1483 priuatorum,
943 1427 1065 1462 cum
1114 1423 1299 1459 omnes
1334 1403 1528 1455 scelere
1570 1397 1885 1466 grassentur

190 1492 248 1545 in
284 1491 553 1559 hospitem
592 1489 650 1539 in
691 1486 894 1540 socium
932 1485 990 1535 in
1022 1482 1327 1535 consortem
1353 1472 1668 1544 adquirendi
1693 1468 1885 1522 studiO.

191 1569 244 1618 et
281 1568 466 1618 tamen
503 1580 615 1614 non
653 1561 883 1613 multum
920 1558 1025 1610 hoc
1070 1556 1155 1607 his
1196 1552 1436 1622 prodest,
1491 1548 1618 1618 quia
1661 1543 1886 1612 indigno

127 1663 169 1695 20
191 1640 375 1693 heredi
422 1638 556 1691 haec
593 1634 831 1688 relicturi
871 1635 997 1685 sunt
1007 1674 1020 1700 7
1076 1630 1169 1699 qui
1209 1627 1490 1694 corruptus
1529 1618 1741 1673 luxuria
1781 1634 1888 1669 ser-

196 1733 324 1767 uare
366 1713 566 1766 scilicet
611 1711 744 1763 haec
783 1726 894 1760 non
932 1705 1119 1775 possit.
1266 1701 1334 1753 63
1397 1702 1609 1751 tamen
1671 1694 1889 1746 curtae

194 1789 409 1842 nescio
474 1786 622 1855 quid
686 1800 934 1851 semper
997 1780 1179 1832 abest
1247 1776 1353 1827 rei.
1444 1773 1548 1825 hoc
1605 1768 1672 1821 ad
1715 1767 1892 1835 ipsam

195 1863 452 1916 auaritiae
475 1862 727 1912 naturam
752 1857 994 1924 refertur,
1028 1854 1112 1907 cui
1145 1853 1271 1904 dum
1302 1848 1488 1912 nihil†
1507 1847 1651 1898 extet
1684 1857 1892 1909 semper

192 1937 403 1990 uidetur
443 1936 640 1988 deesse.

890 2030 1010 2076 ODE
1046 2035 1086 2084 3,
1121 2032 1191 2071 25.

348 2129 477 2191 Quo
518 2147 611 2180 1116
650 2125 898 2179 Bacche
938 2122 1114 2190 rapis
1154 2118 1249 2171 tui
1288 2116 1558 2184 plenum.
1634 2111 1736 2162 hac
1775 2101 1893 2180 ᾠδῇ

199 2207 418 2258 inuocat
455 2203 709 2255 Liberum
747 2202 957 2269 patrem
995 2198 1183 2265 petens
1234 2192 1299 2243 ab
1341 2208 1425 2256 ec,
1480 2190 1541 2239 ut
1596 2202 1650 2237 se
1705 2183 1763 2234 in
1818 2198 1896 2232 se-

202 2282 346 2332 creta
386 2279 565 2345 aliqua
602 2292 883 2327 nemorum
924 2288 1141 2323 suorum
1182 2267 1355 2332 ducat,
1394 2263 1487 2314 ubi
1523 2259 1745 2313 numine
1785 2256 1897 2307 eius

209 2355 446 2406 mentem
484 2350 772 2403 instinctus
815 2346 1060 2399 Caesaris
1086 2340 1322 2410 Augusti
1360 2336 1544 2389 laudes
1585 2334 1765 2398 canat3
1804 2346 1900 2397 per

144 2449 188 2482 30
212 2445 347 2497 quae
394 2426 604 2477 uidetur
655 2421 969 2491 allegoricos
1019 2416 1319 2486 significare
1358 2428 1470 2462 non
1510 2407 1753 2460 sufficere
1795 2402 1900 2471 spi-

210 2503 373 2554 ritum
428 2517 583 2551 suum
637 2496 884 2549 laudibus
941 2491 1176 2561 Augusti
1251 2488 1364 2540 61116
1418 2482 1599 2535 Liberi
1663 2478 1899 2532 numine.

130 2078 174 2112 25

329 2669 352 2708 6
388 2661 442 2705 cf.
475 2659 698 2704 Vahlen
730 2658 800 2702 ad
830 2657 963 2700 Ann.
1000 2659 1055 2697 30

330 2803 357 2841 4
389 2797 548 2839 lemma
578 2807 621 2837 u.
656 2795 714 2834 44
738 2794 846 2846 post
875 2790 962 2832 sch.
998 2802 1042 2831 u.
1075 2789 1133 2829 44
1167 2784 1330 2839 Zeyitm·
1360 2782 1413 2824 in
1447 2779 1508 2822 M
1514 2794 1530 2831 ,·
1569 2772 1835 2829 transposui
1866 2775 1907 2814 et

212 2856 401 2901 uirtutis
434 2854 598 2899 addidi
749 2855 773 2893 8
807 2848 922 2892 dicit
955 2859 1122 2902 easque
1158 2844 1350 2886 Meiser:
1383 2838 1589 2894 digitisq3
1625 2833 1687 2877 M

218 2921 272 2959 14
302 2916 604 2968 luxonososq3
651 2910 773 2954 lusos
809 2908 870 2951 M
1036 2910 1087 2948 16
1145 2902 1345 2946 cotidiae
1382 2898 1442 2942 M
1589 2898 1644 2938 20
1699 2887 1908 2935 relicturi

219 2977 326 3018 sunt
359 2990 405 3028 ςε
446 2973 690 3016 relicturus
724 2969 785 3013 sit
818 2967 880 3010 M
1020 2969 1076 3008 23
1109 2964 1183 3007 sat
1215 2962 1337 3015 esti),
1385 2955 1506 3001 desit
1539 2969 1566 3010 ς
1711 2956 1766 2994 26
1796 2949 1905 2992 bac-

218 3034 331 3077 chae
367 3033 427 3075 M
545 3037 599 3075 29
635 3042 811 3073 caesari
841 3030 882 3071 et
914 3026 1039 3069 canit
1073 3023 1134 3066 M
