1939 3197
166 103 273 155 124
857 101 977 144 ODE
1012 101 1088 156 IV,
1124 107 1162 146 Ξ».

165 244 325 310 atque
363 242 634 293 uirtutem.
753 238 825 291 25
864 239 1066 289 multa
1104 236 1447 290 Dircaeum
1486 240 1668 291 leuat
1706 258 1860 292 aura

165 334 444 384 cycnum.
537 313 828 365 Dircaeum
865 312 1161 364 Pindarum
1209 313 1359 380 dicit,
1407 314 1532 382 quia
1570 313 1858 367 Thebanus

164 389 283 459 fuit,
324 410 355 442 a
393 390 543 442 fonte
582 388 844 440 Boeotiae
867 385 1052 457 Dirce7
1092 387 1184 456 qui
1223 391 1306 440 est
1330 388 1527 440 Thebis
1566 388 1861 456 proximus,
1891 396 1894 397 ’

166 484 394 534 cycnum
428 466 608 516 autem
641 461 868 514 eundem
901 463 1141 532 appellat
1173 481 1204 514 a
1245 463 1514 515 suauitate
1547 463 1860 532 carminum7

120 562 142 594 5
168 540 293 609 quia
334 542 388 591 et
427 538 581 607 cycni
621 538 805 589 canori
845 555 959 589 esse
1000 537 1265 589 dicuntur.
1366 537 1438 589 25
1486 537 1664 589 leuat
1710 555 1863 589 aura
1936 591 1939 597 ,

166 615 220 666 id
254 616 358 666 est:
401 613 685 666 sublimem
717 611 864 664 facit.
965 612 1032 664 27
1068 611 1368 664 Matinae.
1431 610 1672 664 Matinus
1705 630 1860 664 mons

168 688 466 742 Calabriae.
566 687 635 739 27
680 704 794 756 ego
837 687 975 755 apis
1007 686 1290 738 Matinae
1331 704 1502 738 more
1535 686 1862 756 modoque.

166 766 228 816 ut
259 762 555 815 Pindarum
592 765 816 831 propter
857 761 1248 813 sublimitatem
1289 764 1343 812 et
1384 761 1709 814 suauitatem
1749 779 1861 814 car-

167 838 329 890 minis
370 855 536 906 cycno
579 837 930 905 comparauit,
969 836 1046 888 ita
1087 854 1142 887 se
1184 836 1286 904 api.
1379 853 1475 904 per
1515 836 1658 905 quod
1699 837 1862 906 signi·
1932 835 1939 896 ξ

102 935 144 967 10
167 913 296 965 ficat
343 931 512 981 parua
560 911 774 980 quidem
822 915 875 963 et
919 910 1147 963 humilia
1196 928 1251 963 se
1300 910 1554 980 scribere,
1603 911 1694 963 sed
1742 911 1864 963 sub·
1926 907 1939 961 ,ζ

168 987 287 1039 tilia
313 1005 373 1038 ac
399 987 591 1038 dulcia.
668 987 738 1039 33
765 986 1068 1038 concines
1102 986 1340 1037 maiore
1373 989 1566 1054 poeta
1597 986 1865 1054 plectrO.
1895 1046 1898 1051 ,
1931 996 1939 1001 ⁴

171 1060 429 1115 Concedit
467 1061 710 1114 Antonio
743 1060 877 1129 Iulo,
916 1063 978 1112 ut
1015 1060 1131 1128 ipse
1171 1060 1352 1128 potius
1392 1059 1698 1129 triumphos
1734 1058 1862 1112 Cae-
1938 1057 1939 1062 ’

173 1137 306 1188 saris
357 1135 581 1204 scribat,
629 1154 750 1188 cum
799 1136 869 1187 sit
914 1134 1188 1187 robustior
1242 1135 1299 1185 in
1354 1135 1606 1186 carminis
1656 1135 1864 1203 spiritu,

169 1211 274 1263 lioc
300 1211 443 1262 enim
477 1209 746 1278 significat
779 1210 961 1261 dicens
996 1209 1236 1261 maiore
1277 1209 1544 1277 plectro.
1644 1208 1716 1262 35
1754 1227 1866 1277 per

105 1308 146 1340 15
174 1303 421 1338 sacrum
463 1285 703 1337 cliuum
750 1284 805 1335 id
845 1286 948 1335 est:
989 1301 1085 1351 per
1124 1284 1271 1335 uiam
1313 1301 1543 1351 sacram3
1591 1282 1695 1336 hac
1721 1283 1863 1336 enim

171 1359 568 1429 triumphantes
619 1359 674 1411 in
723 1357 1050 1427 Capitolium
1097 1357 1266 1409 ibant.
1419 1358 1486 1410 37
1538 1376 1659 1426 quo
1699 1357 1867 1410 nihil

172 1435 374 1486 maius
429 1434 744 1486 meliusue
795 1434 991 1485 terris
1046 1432 1185 1484 fata
1241 1433 1581 1484 donauere:
1639 1431 1866 1485 Caesare

175 1509 391 1562 scilicet.
544 1509 616 1560 42
664 1508 996 1577 publicum
1042 1508 1283 1559 ludum:
1334 1506 1389 1558 id
1438 1510 1540 1558 est:
1591 1507 1867 1575 publicum

175 1583 446 1653 gaudium.
582 1583 654 1635 42
704 1600 893 1651 super
940 1583 1293 1650 impetrato
1345 1581 1544 1634 fortis
1583 1580 1868 1650 Augusti

106 1681 149 1713 20
173 1658 404 1710 reditu.
506 1660 731 1725 apparet
771 1655 1056 1709 Caesarem
1112 1656 1175 1708 de
1238 1656 1414 1707 reditu
1478 1674 1574 1708 suo
1637 1655 1868 1708 Romam

171 1733 382 1785 litteras
423 1732 645 1785 misisse.
687 1732 779 1784 sed
819 1734 1005 1800 gratus
1047 1749 1250 1782 sensus.
1300 1731 1374 1782 sic
1409 1731 1552 1782 enim
1593 1748 1648 1782 se
1687 1730 1867 1799 habet,

173 1810 236 1859 ut
273 1807 558 1876 intellegas
598 1807 857 1876 populum
897 1805 1227 1872 Romanum,
1273 1808 1335 1857 ut
1372 1804 1456 1873 fit,
1506 1805 1736 1874 publicis
1779 1805 1868 1856 ad-

175 1881 586 1934 clamationibus
627 1881 955 1933 desiderasse
1004 1880 1094 1931 diu
1134 1880 1366 1931 reditum
1405 1879 1658 1948 Augusti.
1795 1878 1868 1931 45

174 1959 309 2008 tum
347 1974 522 2008 meae
564 1957 616 2007 si
657 1955 808 2024 quid
858 1956 1088 2023 loquar
1136 1954 1537 2006 audiendum.
1639 1953 1870 2021 spondet

108 2053 150 2084 25
177 2049 230 2082 se
272 2048 484 2099 quoque
509 2030 744 2082 carmine
771 2030 949 2098 aliquo
976 2028 1160 2081 laudes
1184 2028 1243 2079 in
1268 2027 1552 2081 Caesarem
1586 2027 1868 2080 dicturum.

177 2105 269 2157 sed
317 2108 351 2171 ’ἷ-
399 2104 783 2157 chaenebreuis
837 2122 1025 2156 uersus
1079 2104 1364 2169 ΕΙΤΙΧΙΡΕ]
1405 2103 1463 2154 in
1503 2120 1565 2155 eo
1607 2102 1749 2171 quod
1789 2102 1868 2154 in-

175 2180 362 2232 tulerit
401 2180 454 2231 si
494 2179 644 2248 quid
683 2179 915 2248 loquar
955 2177 1354 2231 audiendum.
1492 2178 1561 2230 47
1603 2175 1870 2245 pulcher

178 2272 208 2305 o
248 2254 572 2306 laudande
626 2272 851 2305 canam
896 2255 1158 2320 recepto
1210 2251 1484 2305 Caesare
1532 2251 1712 2303 felix:
1768 2268 1868 2320 ego

176 2329 308 2380 felix
345 2331 560 2397 recepto
603 2326 832 2380 Caesare
873 2346 1078 2379 canam.
1192 2328 1263 2379 49
1305 2330 1501 2394 tuque
1543 2326 1684 2377 dum
1722 2343 1869 2393 pro-

111 2425 153 2456 30
179 2403 353 2455 cedis
393 2403 452 2454 io
492 2402 831 2470 triumphe.
895 2402 961 2453 ad
1001 2402 1178 2470 ipsum
1210 2400 1543 2469 triumphum
1576 2417 1870 2451 conuersus

176 2477 310 2530 haec
350 2477 495 2529 dicit.
609 2476 680 2528 50
720 2495 845 2528 non
887 2476 1085 2528 semel
1125 2475 1406 2528 dicemus
1446 2475 1505 2527 io
1546 2473 1871 2542 triumphe

179 2552 417 2604 ciuitas
460 2551 682 2603 omnis,
743 2553 877 2602 nota
907 2550 1080 2619 figura
1114 2553 1210 2618 est⁷
1241 2553 1324 2601 ut:
1366 2549 1522 2601 Pars
1563 2549 1628 2600 in
1660 2548 1873 2601 frusta

300 2690 355 2727 32
387 2684 528 2740 Uerg.
561 2683 674 2726 Aen.
712 2689 749 2737 17
786 2687 884 2725 212.
1006 2680 1129 2725 Ilias.
1164 2687 1204 2737 2,
1239 2686 1324 2725 278

303 2810 324 2847 1
360 2804 596 2847 discaeum
631 2802 693 2844 M
724 2802 790 2844 bis
921 2806 944 2843 2
979 2799 1242 2856 pyndarum
1278 2801 1341 2843 M
1469 2803 1494 2842 3
1528 2798 1716 2842 boeotia
1746 2796 1872 2840 disce

183 2863 246 2906 M
338 2868 376 2907 ,8
408 2863 672 2919 pyndarum
705 2865 746 2903 et
777 2861 958 2904 suatem
999 2861 1065 2914 (m
1106 2874 1134 2901 a
1174 2873 1228 2901 m.
1271 2864 1317 2904 2.
1349 2873 1382 2901 s.
1419 2859 1463 2915 l.)
1499 2857 1560 2900 M
1669 2861 1723 2899 12
1755 2855 1872 2898 iulio

183 2922 246 2965 M
366 2927 419 2966 13
452 2919 704 2966 robustiori
736 2919 948 2962 Hazethal
1076 2923 1129 2961 15
1163 2918 1278 2962 haec
1311 2923 1350 2961 et
1381 2916 1677 2961 triumfantes
1711 2915 1773 2958 Μ

184 2985 237 3024 17
272 2994 503 3024 caesarem
538 2981 600 3024 M
706 2984 759 3022 18
793 2978 968 3021 nudum
1002 2978 1064 3019 M
1166 2982 1219 3020 21
1254 2990 1412 3021 misise
1447 2977 1508 3019 M
1605 2981 1661 3019 26
1695 2987 1872 3030 επιχιρε

180 3041 320 3096 uulyo
354 3041 508 3096 leywnt
599 3044 652 3082 31
686 3037 952 3094 triumphae
987 3036 1050 3079 M
1137 3041 1192 3079 32
1224 3037 1395 3079 frustra
1429 3036 1491 3078 M
