1939 3197
745 52 999 98 EPODON
1031 58 1071 98 2.
1659 55 1761 107 147

70 191 336 243 translato
393 186 627 260 ἐπιθέτῳ
692 188 895 241 ‘dulcia
948 188 1102 240 uina'
1165 188 1555 258 intellegamus.
1661 190 1764 243 hoc

74 282 283 332 quoque
317 265 496 316 autem
529 263 595 314 ad
627 262 826 314 idioma
858 263 1090 316 rusticae
1125 263 1484 331 simplicitatis
1517 263 1765 333 pertinet,

73 338 306 390 hornum
344 337 531 389 uinum
576 337 773 388 bibere.
888 338 958 389 48
1023 336 1216 405 dapes
1280 337 1601 404 inemptas
1659 356 1763 404 ap-

71 414 268 480 paret.
344 410 796 480 Uergilianum
859 414 953 462 est.
1033 411 1108 462 sic
1160 414 1213 462 et
1258 411 1347 462 1116
1389 428 1508 462 611111
1549 411 1611 462 de
1651 412 1764 462 uita

68 485 268 536 rustica
314 485 643 553 loqueretur,
692 485 811 550 [sic]
862 484 938 535 ait
983 483 1271 553 Dapibus
1319 503 1569 536 mensas
1618 498 1807 536 one—5

68 558 255 610 rabat
293 559 616 627 inemptis,
729 558 799 610 49
856 576 979 610 non
1034 576 1124 609 me
1164 557 1439 610 Lucrina
1477 558 1766 610 iuuerint

71 632 415 700 conchylia
463 633 747 701 magisue
788 632 1091 684 rhombus
1133 635 1242 683 aut
1282 632 1471 684 scari:
1527 650 1641 684 non
1679 651 1763 684 me

70 706 244 775 magis
284 706 519 757 iuuerint
557 705 790 758 Lucrina
822 706 1104 774 conchylia
1126 705 1451 757 rhombusue
1486 708 1579 758 aut
1612 704 1764 757 scari.

221 779 292 831 50
356 782 463 831 aut
506 780 672 831 scari
725 780 777 831 si
817 798 971 847 quos
1010 779 1164 831 Eois
1203 780 1505 831 intonata
1543 779 1763 830 flucti-

71 852 186 904 bus
248 853 450 904 hiems
514 853 589 904 ad
642 853 759 905 hoc
822 856 1036 905 uertat
1097 871 1280 905 mare.
1366 854 1609 922 intellegi
1648 854 1766 904 uult
1789 871 1830 903 10

69 944 250 979 scaros
304 927 476 995 pisces
530 927 587 978 in
628 927 877 979 orientali
923 927 1059 978 mari
1099 945 1233 995 6336,
1289 930 1342 978 et
1382 926 1596 978 difficile
1635 927 1765 995 fieri,

71 1003 134 1051 ut
184 1001 324 1052 circa
375 1000 589 1052 Italiam
640 1002 943 1070 capiantur,
1012 1001 1117 1052 nisi
1173 1019 1305 1069 quos
1344 1001 1467 1052 inde
1507 1001 1766 1052 uiolentia

69 1075 408 1143 tempestatis
449 1075 741 1127 adduxerit.
857 1075 926 1127 53
983 1093 1111 1127 non
1148 1074 1303 1126 Afra
1344 1075 1498 1126 auis,
1574 1074 1765 1126 Afram

73 1166 228 1199 auem
268 1149 526 1217 gallinam
565 1147 908 1201 Numidicam
948 1149 1089 1200 dicit.
1217 1149 1288 1200 54
1327 1167 1453 1201 non
1494 1151 1764 1217 attagen

68 1220 345 1274 Ionicus,
410 1241 530 1274 cum
557 1225 838 1292 attagenas
862 1223 1122 1274 feminino
1150 1240 1343 1291 genere
1375 1223 1540 1291 uulgo
1569 1222 1764 1290 dicant,
1789 1241 1831 1273 15

74 1295 442 1348 adnotandum
469 1297 611 1365 quod
628 1297 924 1349 masculino
952 1314 1146 1366 genere
1170 1297 1258 1348 hic
1277 1296 1480 1347 dixerit.
1543 1299 1766 1365 attagen

74 1372 253 1421 autem
317 1371 431 1421 auis
496 1373 576 1422 est
629 1370 871 1422 Asiatica
938 1371 1076 1422 inter
1137 1370 1503 1422 nobilissimas
1564 1370 1766 1422 habita.

68 1442 284 1508 Ionicus
316 1462 444 1496 uero
487 1445 553 1496 ab
593 1443 748 1496 Ionia
788 1445 975 1512 dictus7
1016 1462 1149 1512 quae
1192 1447 1273 1495 est
1303 1445 1451 1513 regio
1486 1442 1671 1511 Asiae,
1710 1443 1767 1494 in

69 1536 174 1585 qua
214 1520 295 1569 est
334 1518 462 1569 urbs
494 1517 759 1586 Ephesus.
873 1518 941 1570 59
1006 1519 1108 1569 1161
1149 1535 1314 1587 agna
1352 1518 1541 1569 festis
1583 1535 1765 1570 caesa

68 1590 546 1643 Terminalibus
587 1593 692 1643 uel
730 1591 971 1644 haedus
1006 1595 1261 1660 ereptus
1294 1593 1459 1660 lupo.
1535 1591 1764 1643 iucunde
1789 1611 1832 1642 20

70 1666 331 1733 expressit
354 1666 677 1718 rusticorum
702 1666 1086 1736 frugalitatem.
1189 1666 1257 1718 63
1292 1666 1513 1717 uidere
1553 1666 1763 1717 fessos

70 1757 392 1791 uomerem
453 1740 779 1793 inuersum
827 1740 1025 1793 boues
1067 1758 1108 1792 c.
1148 1742 1184 1791 t.
1225 1741 1258 1791 1.
1341 1740 1444 1792 hoc
1484 1738 1764 1809 Uergili-

71 1830 256 1865 anum
332 1814 466 1865 illud
537 1817 617 1866 est
694 1814 927 1882 Aspice
1000 1816 1217 1865 aratra
1284 1815 1402 1881 iugo
1472 1813 1765 1866 referunt

70 1905 381 1956 suspensa
420 1888 692 1941 iuuenci.
768 1889 1022 1958 languido
1065 1891 1243 1939 autem
1284 1888 1442 1940 eollo:
1482 1888 1639 1939 lasso.
1712 1890 1765 1938 et

68 1961 252 2030 utique
292 1962 543 2029 uoluptas
584 1963 800 2015 domino
855 1963 979 2014 hinc
1035 1965 1116 2013 est
1163 1962 1445 2030 cogitanti,
1502 1964 1764 2030 quantum
1787 1978 1830 2012 25

69 2035 320 2087 utilitatis
362 2036 603 2088 aratione
644 2054 774 2105 agro
818 2035 1157 2088 contulerint.
1274 2034 1342 2087 65
1382 2036 1764 2103 positosque

69 2126 299 2160 uernas
349 2109 502 2160 ditis
551 2128 811 2161 examen
860 2110 1077 2162 domus
1132 2109 1235 2161 hoc
1284 2111 1386 2160 est:
1437 2109 1528 2176 qui
1567 2126 1764 2161 uernae

72 2182 238 2234 ditem
279 2183 556 2235 dominum
601 2183 822 2236 faciunt.
898 2184 986 2235 hic
1038 2182 1257 2234 ‘ditem'
1320 2183 1657 2251 frequentem
1704 2200 1765 2234 ac

66 2255 414 2324 familiosam3
454 2275 552 2309 nec
591 2258 734 2309 ultra
771 2258 874 2310 hoc
914 2258 1080 2309 ditem
1120 2258 1337 2309 domum
1375 2275 1519 2309 nunc
1558 2257 1764 2309 intelle-

70 2346 183 2400 gas,
222 2349 342 2383 cum
376 2331 438 2382 de
463 2333 662 2384 rustico
695 2331 1082 2400 patrefamilias
1115 2331 1366 2400 loquitur.
1505 2332 1572 2383 67
1605 2332 1762 2383 11666
1787 2348 1830 2381 30

70 2405 179 2456 ubi
217 2406 477 2458 locutus
516 2406 847 2459 fenerator
890 2406 1099 2458 Alfius
1156 2406 1279 2457 iam
1329 2406 1450 2457 iam
1506 2405 1762 2457 futurus

71 2480 356 2531 rusticus
420 2483 476 2531 et
534 2482 752 2549 reliqua.
854 2481 1209 2533 urbanissime
1264 2482 1536 2548 postremo
1607 2479 1764 2531 finxit

69 2551 202 2604 haec
240 2572 352 2605 non
392 2552 454 2606 de
496 2573 591 2606 sua
629 2573 861 2623 persona
909 2555 1051 2607 dicta
1092 2573 1229 2623 esse,
1285 2554 1376 2606 sed
1424 2553 1764 2621 feneratoris3

191 2659 215 2697 5
249 2654 417 2711 Georg.
450 2659 491 2710 4,
527 2661 608 2699 133
733 2661 786 2699 23
820 2657 928 2699 Buc.
963 2662 1003 2711 2,
1038 2662 1092 2700 66

193 2749 215 2786 1
249 2744 497 2788 translatio
532 2744 595 2787 M
712 2749 737 2787 3
771 2745 972 2801 apparat
1004 2745 1067 2787 M
1186 2750 1210 2788 8
1235 2744 1416 2786 lucrina
1446 2743 1624 2786 Iuenna
1656 2754 1761 2785 con-

71 2802 212 2846 6111116
246 2803 308 2844 M
426 2808 451 2846 9
485 2816 638 2847 scaros
671 2819 710 2846 31
741 2817 856 2859 quos
888 2818 962 2848 aei
995 2804 1057 2846 M
1176 2808 1231 2846 14
1263 2816 1419 2847 auem:
1453 2802 1611 2845 autem
1645 2801 1707 2844 M

75 2865 129 2904 15
146 2860 319 2905 femmo
347 2862 410 2905 M
470 2866 522 2905 19
542 2861 706 2907 effesus
731 2863 794 2905 M
852 2868 907 2907 20
933 2863 1044 2907 edus
1062 2863 1125 2906 M
1183 2868 1238 2905 22
1257 2875 1442 2905 uomere
1461 2861 1524 2903 M
1582 2865 1637 2904 26
1664 2874 1764 2904 ara-

69 2919 218 2964 tione:
254 2935 309 2965 ex
340 2922 520 2965 rat10ne
555 2922 628 2975 M,
660 2935 715 2965 ex
747 2921 954 2966 aratione
989 2938 1016 2978 ς
1116 2936 1228 2978 ager
1265 2922 1339 2964 ‘ecel
1379 2919 1480 2977 agri
1518 2921 1591 2964 uel
1630 2932 1763 2976 agro-

7 3033 18 3036 ὁ
71 2993 175 3022 rum
208 2995 236 3035 ς
360 2979 642 3025 contulerint
672 2981 899 3036 Hauthal,
931 2982 1182 3026 contulerit
1214 2981 1277 3024 M
1306 2995 1334 3036 ς

1318 3056 1407 3098 10*
