1939 3197
681 62 932 107 EPODON
964 68 991 106 4
1024 64 1071 107 et
1103 68 1142 107 5.
1658 64 1761 117 151

77 199 329 268 armauit,
384 217 503 250 cum
541 198 685 250 1111116
724 199 960 267 patimur
998 199 1345 251 tribunicium
1387 200 1617 267 equitem
1656 200 1762 253 Ro-

74 291 293 325 manum
325 290 454 324 esse.

614 372 863 416 EPODON
897 371 1150 417 CARMEN
1183 379 1222 417 5.

221 463 305 515 At
360 483 389 516 0
440 464 695 515 deorum
747 464 1054 532 quidquid
1108 466 1172 516 in
1212 466 1386 518 caelo
1427 466 1598 535 regit
1634 468 1760 517 ter-

73 556 191 589 ras‚
267 539 432 590 uerba
474 541 600 589 sunt
637 539 959 606 praetextati
997 539 1342 591 uociferantis
1382 540 1440 590 in
1478 539 1635 592 domo
1663 537 1759 592 Ca-
1785 562 1806 594 5

73 612 273 679 nidiae3
338 629 495 679 quem
536 611 803 680 significat
843 613 909 663 ab
952 631 1014 664 ea
1051 612 1237 664 furtim
1286 616 1523 682 raptum,
1574 616 1634 665 ut
1671 632 1761 666 ne-

74 686 426 737 cromantiam
481 703 544 736 ex
599 704 660 737 eo
715 686 930 737 faceret.
1020 690 1073 738 et
1126 687 1261 738 bene
1317 688 1546 755 abrupta
1593 688 1761 740 excla-

72 759 263 811 matio:
304 760 366 810 in
407 761 596 811 caelo,
673 759 774 812 hoc
815 760 957 811 enim
995 760 1334 828 perineptum
1360 765 1463 812 est:
1505 761 1762 829 quidquid

72 832 130 884 in
169 834 314 884 caelo
357 836 438 884 est
476 850 668 902 regens
714 836 900 884 terras
1015 834 1047 885 3
1104 833 1252 902 quid
1305 835 1430 886 iste
1485 834 1612 886 fert
1663 838 1761 886 tu-

71 907 331 958 multus:
374 906 500 975 quid
541 907 643 958 sibi
666 908 784 958 uult
806 907 893 959 hic
917 908 1192 960 tumultus,
1268 909 1561 960 tumultum
1586 913 1764 961 autem
1790 936 1832 968 10

73 980 202 1031 dicit
239 981 460 1048 rapinae
500 980 685 1048 ipsius,
725 999 886 1049 quam
924 999 1114 1049 passus
1155 985 1249 1033 est.
1364 983 1396 1034 3
1454 985 1562 1034 aut
1616 983 1764 1050 quid

73 1054 350 1106 omnium
397 1055 613 1106 uultus
661 1055 724 1106 in
770 1073 963 1106 unum
1003 1073 1093 1107 me
1125 1058 1364 1108 truces:
1407 1074 1591 1108 earum
1623 1057 1765 1126 dicit,

73 1146 207 1195 quae
249 1146 367 1179 cum
402 1127 627 1180 Canidia
675 1130 918 1181 consciae
953 1132 1006 1180 et
1036 1130 1314 1182 ministrae
1362 1131 1574 1181 sceleris
1606 1130 1764 1182 huius

74 1201 304 1262 fuerant.
424 1203 451 1253 7
508 1220 617 1270 per
676 1203 794 1254 hoc
852 1203 1047 1254 inane
1100 1222 1424 1272 purpurae
1480 1204 1527 1255 d.
1567 1223 1616 1272 p.
1658 1223 1763 1273 quo

72 1275 246 1345 magis
299 1279 484 1328 oneret
540 1277 876 1328 atrocitatem
918 1277 1130 1328 sceleris
1169 1278 1329 1329 huius
1369 1281 1763 1346 praetextatum
1787 1304 1829 1337 15

73 1367 134 1400 ac
172 1368 268 1417 per
306 1349 410 1401 hoc
448 1349 736 1401 honestum
777 1368 837 1402 ac
870 1350 1154 1402 delicatum
1193 1352 1325 1403 facit
1363 1352 1508 1403 hunc
1538 1370 1765 1420 puerum

73 1441 203 1474 esse.
279 1423 469 1474 inane
520 1441 646 1492 ergo
689 1424 875 1475 decus
915 1442 1231 1492 purpurae
1271 1426 1413 1493 apud
1453 1444 1572 1477 eam
1602 1427 1764 1478 inane

69 1496 347 1566 intellege,
409 1515 543 1564 quae
607 1498 807 1549 scilicet
862 1499 975 1549 sine
1029 1502 1275 1567 respectu
1323 1500 1514 1551 aetatis
1555 1500 1668 1551 eius
1707 1501 1765 1552 in

72 1588 194 1621 eum
235 1570 454 1622 saeuiat.
573 1571 640 1622 12
680 1571 1052 1641 insignibus
1092 1574 1298 1641 raptis
1338 1591 1490 1641 puer
1528 1574 1763 1642 inpube

72 1661 318 1711 corpus,
401 1644 638 1713 insignia
687 1646 839 1713 pueri
892 1646 1145 1715 intellege
1195 1650 1380 1716 togam
1430 1650 1764 1716 praetextam
1788 1676 1832 1708 20

72 1735 133 1769 ac
172 1718 389 1786 bullam,
430 1722 483 1769 et
522 1722 616 1777 est>
643 1719 821 1787 σχῆμα
862 1717 1181 1787 ἐπεξήγησις
1222 1720 1380 1789 ‘puer
1417 1721 1618 1790 inpube
1652 1740 1763 1775 cor-

69 1789 198 1858 pus'
239 1791 342 1844 hoc
375 1795 477 1844 est:
518 1793 717 1861 inpube
744 1811 938 1862 corpus
965 1797 1093 1845 erat.
1211 1796 1277 1847 13
1319 1796 1503 1863 quale
1542 1799 1763 1864 posset

71 1866 266 1933 impia
306 1866 558 1918 mollire
599 1866 910 1919 Thracum
948 1871 1238 1935 pectora:
1281 1870 1443 1921 etiam
1481 1869 1762 1922 Thracum.

74 1939 150 1990 sic
190 1939 547 1991 diciturillud
579 1941 720 2008 apud
744 1940 1128 2011 Uergilium:
1172 1941 1322 2003 Quis
1362 1943 1524 1993 talia
1562 1943 1760 1996 fando

69 2012 539 2080 Myrmidonum
576 2013 976 2083 Dolopumue
1029 2018 1138 2067 aut
1187 2016 1328 2067 duri
1367 2016 1549 2068 miles
1588 2016 1762 2069 Ulixi
1786 2047 1829 2080 25

69 2103 192 2154 pro:
234 2087 395 2137 etiam
434 2086 839 2154 Myrmidonum
878 2087 1231 2156 Dolopumue.
1363 2089 1431 2141 15
1495 2088 1763 2143 Canidia

70 2160 374 2212 breuibus
405 2161 726 2228 inplicata
756 2162 1001 2230 uiperis
1034 2163 1244 2215 crines
1279 2168 1339 2216 et
1369 2164 1763 2233 incomptum

71 2237 274 2301 caput.
351 2233 554 2286 Furiali
606 2235 796 2287 habitu
847 2254 964 2287 eam
1005 2236 1258 2289 describit
1297 2241 1350 2290 et
1387 2237 1577 2290 breues
1616 2240 1762 2307 uipe-

71 2325 160 2358 rae
201 2312 459 2376 perpetuo
501 2307 734 2380 ἑπιθέτςο
776 2310 1038 2362 dicuntur.
1116 2312 1190 2363 sic
1231 2312 1373 2364 enim
1414 2315 1554 2364 sunt.
1629 2316 1762 2365 nota

72 2384 250 2433 autem
289 2382 463 2452 figura
503 2386 584 2435 est
623 2384 941 2436 elocutionis
998 2384 1250 2455 ‘inligata
1290 2385 1490 2438 crines'
1546 2390 1600 2438 et
1654 2386 1757 2438 (111-
1783 2418 1829 2450 30

192 2503 249 2541 24
279 2500 392 2542 Aen.
429 2504 470 2555 2,
505 2505 529 2543 e

191 2635 213 2673 1
249 2631 286 2673 8z
317 2645 422 2675 cum
448 2632 511 2675 M
609 2634 905 2677 tribunitium
932 2635 993 2677 M
1096 2641 1122 2679 8
1148 2636 1260 2691 quid
1286 2636 1349 2678 M
1454 2642 1505 2680 13
1531 2636 1755 2689 ministr&

71 2689 136 2732 M
246 2695 298 2732 17
329 2705 516 2735 inanem
550 2693 613 2734 M
720 2698 772 2737 18
806 2693 972 2737 aetatis
1004 2694 1277 2738 Fabricius:
1309 2697 1530 2754 equitatis
1562 2695 1626 2737 M
1653 2695 1753 2752 dig-

23 2793 34 2800 ,
68 2748 229 2792 nitatis
252 2748 367 2793 nos?
393 2750 626 2806 equitatus
651 2752 864 2796 Hauthal
971 2758 1024 2796 19
1052 2768 1176 2797 eum:
1205 2768 1281 2797 eos
1307 2755 1369 2796 M
1390 2759 1473 2797 eo‘?
1578 2754 1755 2798 inbube

72 2807 136 2850 M
252 2813 308 2852 20
338 2823 524 2866 insigna
556 2811 619 2853 M
733 2811 895 2855 intelle
929 2812 992 2854 M
1116 2818 1170 2855 21
1205 2813 1543 2856 ΕΦΕΞΗΓΗΕΙ(
1577 2813 1640 2855 Μ

67 2866 242 2911 inbube
275 2868 338 2911 M
367 2869 435 2912 bis
541 2874 595 2912 22
622 2872 710 2914 est:
744 2870 871 2914 cuius
904 2886 945 2925 ς,
979 2874 1061 2924 est,
1094 2872 1174 2927 qui
1205 2885 1285 2916 nos
1393 2877 1447 2915 23
1481 2873 1662 2915 tracum
1695 2873 1758 2915 M

70 2925 140 2968 bis
260 2931 316 2970 25
355 2928 669 2972 mii-redonum
699 2933 740 2972 et
769 2943 934 2973 mirme
966 2930 1137 2974 donum
1170 2931 1234 2974 M
1351 2936 1405 2974 27
1438 2931 1662 2987 inplacita
1695 2931 1758 2974 M

191 2990 246 3030 28
279 3001 463 3046 mperes
495 2988 558 3030 M
674 2993 729 3032 29
763 2988 1028 3034 ΕΠΙΘὰ11011
1063 2990 1126 3032 Μ
