1939 3197
145 123 216 174 48
764 123 884 167 ODE
918 125 975 180 11,
1011 130 1033 168 1
1068 127 1114 169 et
1147 130 1186 168 2.

146 277 373 327 cumque
423 260 513 311 alii
560 259 634 311 dii
672 258 1213 329 Carthaginiensibus
1259 259 1533 328 faueiant,
1580 259 1842 313 ultionem

144 335 392 385 uastatae
439 333 657 386 Africae
714 351 777 386 ex
823 334 1054 402 posteris
1101 352 1308 403 eorum⁷
1363 335 1454 402 qui
1505 351 1624 386 eam
1662 337 1840 386 uasta-

145 410 359 475 uerunt‚
397 426 541 460 nunc
580 410 914 476 receperunt.
991 408 1298 477 inpotens
1346 411 1527 460 autem
1565 426 1693 460 non
1732 426 1839 476 po-

145 484 290 532 tens
329 481 384 533 id
424 484 507 534 est
539 482 807 549 adynatos
849 481 982 534 ‘sine
1021 481 1242 534 uirtute'
1282 481 1717 551 intellegendum.

104 574 126 606 5
299 555 369 607 28
425 556 655 608 retulit
701 555 971 608 inferias
1017 555 1384 625 Iugurthae.
1484 573 1630 607 nunc
1675 556 1838 608 latius

146 628 415 697 intellege,
454 629 509 681 id
549 632 653 682 est:
693 629 843 682 Afris
884 630 1149 682 omnibus.
1264 630 1334 681 29
1378 630 1519 697 quis
1558 647 1686 681 non
1724 628 1841 681 La-

145 701 285 754 tino
328 721 367 754 s,
407 721 456 771 p.
498 722 538 755 0.
621 721 807 755 sensus
849 706 949 755 est:
988 704 1169 756 nullus
1211 706 1293 756 est
1332 721 1568 772 campus,
1608 703 1844 771 quinon

146 777 404 844 sepulcris
444 777 815 830 Romanorum
869 778 1011 829 bella
1062 777 1240 829 ciuilia
1278 777 1445 829 fuisse
1486 780 1540 829 et
1579 777 1843 846 sanguine

145 848 393 903 Romano
433 852 691 920 pinguem
732 869 787 903 se
814 851 1066 904 ostendat
1089 851 1309 903 factum.
1412 851 1480 903 31
1523 851 1839 903 auditum-

80 944 123 975 10
149 941 266 992 que
307 924 509 977 Medis
548 925 616 977 H.
658 944 696 977 s,
736 944 776 976 r.
861 926 924 977 de
973 926 1244 994 superiore
1285 925 1543 993 ostendit3
1585 924 1659 977 sic
1699 925 1843 977 enim

146 998 593 1069 intellegendum:
651 1000 768 1068 quis
830 1017 943 1052 non
1006 1018 1227 1068 campus
1292 999 1549 1068 sepulcris
1610 1001 1844 1052 testatur

147 1072 299 1140 inpia
322 1074 527 1142 proelia
553 1074 896 1142 sonitumque
920 1073 1213 1142 Hesperiae
1238 1073 1440 1141 ruinae,
1480 1091 1640 1142 quem
1678 1073 1843 1125 etiam

147 1145 293 1198 Medi
334 1147 632 1199 audierunt.
696 1148 934 1200 sonitum
974 1152 1156 1200 autem
1194 1148 1381 1200 ruinae
1406 1147 1594 1200 Medos
1632 1147 1842 1199 audisse

148 1220 203 1270 id
243 1223 326 1272 est
367 1239 528 1289 super
568 1221 752 1274 orbem
790 1222 1077 1290 transilire,
1115 1240 1211 1290 per
1250 1221 1588 1305 hyperbolen
1633 1221 1841 1273 intelle-

84 1313 125 1345 15
151 1294 386 1363 gendum
414 1298 522 1363 est3
551 1295 701 1347 cuius
728 1313 916 1348 sensus
943 1314 1007 1347 ex
1032 1295 1285 1348 subiectis
1309 1296 1483 1365 magis
1507 1295 1846 1364 inlustratur,

147 1367 295 1451 quod
328 1368 521 1421 dixerit
554 1369 661 1437 qui
695 1386 931 1439 gurges
961 1372 1068 1421 aut
1107 1387 1264 1438 quae
1303 1369 1577 1422 flumina
1615 1369 1842 1438 lugub-

145 1441 234 1494 ris
280 1442 511 1512 ignara
558 1443 735 1511 belli,
791 1444 956 1513 quod
1010 1462 1179 1496 mare
1227 1442 1519 1495 Dauniae
1565 1461 1693 1496 non
1742 1442 1843 1494 de-

147 1516 523 1569 colorauere
564 1535 605 1569 c
640 1547 709 1554 —
743 1517 815 1569 34
854 1516 1145 1570 Dauniae
1187 1516 1436 1570 aDauno
1461 1533 1588 1586 rege
1611 1515 1843 1586 Apuliae

149 1607 211 1642 ac
250 1607 346 1657 per
384 1590 486 1644 hoc
510 1590 729 1643 Italicae
771 1609 831 1643 ac
868 1591 1059 1643 deinde
1090 1591 1369 1644 Romanae
1408 1590 1844 1660 intellegendum.

79 1681 122 1713 20
148 1663 217 1715 37
276 1667 373 1716 set
425 1683 500 1716 ne
546 1664 796 1717 relictis
843 1664 1024 1717 Musa
1069 1683 1306 1734 procax
1344 1665 1505 1718 iocis
1546 1662 1704 1717 Oeae
1744 1682 1843 1717 re-

143 1740 389 1790 tractes
436 1757 696 1791 munera
743 1756 795 1790 n.
850 1758 902 1792 n.
1000 1738 1178 1791 Nenia
1224 1739 1452 1809 lugubre
1493 1751 1708 1791 carmen
1747 1741 1843 1807 est,

148 1811 290 1879 quod
336 1812 395 1864 in
441 1816 656 1865 mortuo
705 1813 928 1865 canitur.
1032 1812 1332 1866 Simonides
1388 1816 1569 1866 autem
1623 1831 1690 1866 ex
1735 1811 1843 1866 Oea

147 1885 326 1938 insula
372 1887 574 1955 lyricus
622 1890 784 1955 poeta
829 1883 1085 1955 θρήνους
1129 1887 1184 1939 id
1230 1891 1313 1940 est
1350 1888 1600 1956 planctus
1641 1887 1842 1956 optime

148 1960 375 2028 scripsit.
452 1961 577 2013 inde
630 1959 794 2014 Ceam
847 1961 1065 2014 neniam
1114 1962 1420 2030 appellauit.
1520 1979 1706 2013 sensus
1762 1964 1843 2013 est

81 2051 123 2084 25
149 2036 356 2085 autem:
399 2035 490 2087 sed
531 2053 653 2087 eum
690 2036 860 2104 lyrico
902 2036 1126 2087 carmini
1165 2036 1399 2104 aptiores
1431 2035 1535 2088 ioci
1559 2035 1683 2102 sint,
1721 2052 1842 2102 pro-

147 2108 431 2160 cacitatem
486 2110 680 2178 egeriS‚
737 2127 768 2161 o
815 2109 995 2178 Musa,
1051 2110 1095 2161 si
1148 2110 1400 2179 lugubria
1445 2108 1626 2178 potius
1672 2109 1729 2160 in
1777 2125 1840 2161 eo

146 2181 424 2234 modulata
469 2182 656 2251 fueris,
708 2201 870 2252 quam
916 2184 1156 2251 ueneria‚
1206 2201 1341 2253 quae
1388 2182 1680 2237 leuioribus
1729 2200 1840 2235 mo·

148 2254 286 2307 dulis
327 2258 596 2323 aptantur.

862 2402 982 2445 0οΕ
1017 2408 1057 2457 2,
1092 2407 1132 2447 2.

80 2494 123 2526 30
295 2489 529 2542 Nullus
586 2496 854 2561 argento
907 2493 1084 2544 color
1132 2495 1226 2544 est
1274 2493 1504 2545 auaris,
1581 2491 1698 2544 Hac
1740 2492 1838 2544 ode

149 2561 462 2615 Sallustium
532 2563 780 2634 Crispum
850 2566 1156 2634 adloquitur
1229 2566 1462 2635 equitem
1532 2565 1839 2619 Romanum

267 2744 292 2782 2
325 2742 616 2784 uastauerant
649 2740 711 2783 M
845 2746 870 2785 8
902 2741 1021 2785 fuise
1056 2742 1120 2785 M
1247 2746 1302 2785 10
1334 2742 1561 2786 ostendit:
1607 2742 1696 2785 hoc
1726 2754 1840 2797 pen-

143 2797 223 2841 det
324 2803 378 2842 14
438 2799 677 2843 transilire
709 2799 964 2858 yperbolen
998 2801 1061 2843 M
1150 2805 1204 2844 17
1236 2814 1400 2857 ignare
1434 2801 1497 2844 M
1598 2805 1655 2844 20
1687 2800 1838 2843 Musa:

147 2857 196 2898 ffi
229 2857 293 2899 M
402 2873 516 2903 iocis
549 2859 855 2916 queretractis
889 2860 953 2901 M
1063 2864 1118 2903 22
1151 2861 1337 2904 mortuo
1372 2859 1454 2903 M:
1484 2860 1692 2903 mortuos
1726 2874 1755 2914 ς

149 2927 261 2958 exea
294 2917 357 2959 M
444 2923 501 2961 24
533 2931 696 2962 cenam
729 2918 792 2960 M
879 2923 935 2962 26
967 2918 1017 2961 in
1049 2932 1102 2963 eo
1134 2918 1377 2963 modulata
1407 2918 1551 2962 fueris
1584 2917 1697 2962 Olm.
1723 2920 1839 2962 375.-

147 2987 196 3016 111
229 2987 283 3018 00
314 2976 557 3021 modulata
588 2992 634 3033 p.
665 2977 808 3020 fueris
842 2977 924 3030 M,
964 2977 1171 3021 Dionaeo
1210 2977 1454 3023 modulata
1484 2978 1663 3034 plectro
1694 2975 1837 3020 fueris

149 3046 178 3087 ς
300 3039 354 3077 27
387 3034 640 3080 lemombus
675 3034 738 3079 M
