1939 3197
1884 0 1923 143 ..122⁹va

168 80 271 133 128
855 76 973 120 ODE
1007 76 1085 132 IV,
1118 82 1158 119 4.

166 216 545 270 Sallustius:
594 212 965 281 Nomenque
1013 210 1382 264 Danubium
1420 210 1638 279 habeb,
1676 211 1744 261 1113
1784 209 1860 261 ad

166 292 623 345 Germanorum
661 291 871 340 terras
913 287 1285 356 adstringif.
1378 286 1448 338 41
1477 283 1584 353 qui
1615 284 1860 352 primus
1917 310 1920 314 .

168 368 332 419 alma
378 365 529 416 risit
577 363 826 416 adorea.
902 363 1093 414 adorea
1130 362 1249 413 laus
1288 360 1484 413 bellica
1524 359 1718 410 dicitur
1756 358 1861 410 for-

167 441 345 508 tassis,
385 438 528 507 quod
568 437 828 490 adorandi
858 437 980 505 sint,
1022 436 1113 505 qui
1150 435 1365 487 laudem
1404 452 1469 486 ex
1506 433 1650 485 bello
1683 451 1864 501 repor-

125 532 145 564 5
170 518 305 568 tant.
403 513 553 565 risit
616 529 743 581 ergo
807 511 1069 564 Romanis
1134 509 1517 578 accipiendum.
1669 507 1741 560 46
1805 510 1866 559 et

170 590 368 658 impio
431 590 695 640 uastata
748 587 1109 639 Poenorum
1163 584 1445 636 tumultu
1499 582 1652 634 fana
1715 581 1864 634 deos

169 665 452 716 habuere
492 665 724 714 rectos,
826 664 878 713 et
919 661 1015 730 dii,
1054 660 1254 728 inquit,
1303 676 1531 727 quorum
1569 656 1774 724 templa
1812 655 1869 706 in

169 739 331 791 Italia
383 758 414 790 a
460 736 657 789 Poenis
703 736 910 790 uiolata
959 738 1106 803 sunt,
1161 733 1349 786 exinde
1404 732 1538 783 recfi
1585 749 1699 783 esse
1752 748 1867 783 coe-

172 817 370 882 perunl:
408 831 506 881 pro
546 812 807 864 Romanis
850 811 1108 863 aduersus
1150 827 1241 861 eos
1283 809 1521 878 agentes,
1654 805 1722 857 51
1775 822 1869 857 se-

107 892 422 941 metamur
460 887 632 939 1111510
676 905 832 955 quos
873 886 1122 955 opimus
1177 883 1414 935 fallere
1464 884 1524 932 eb
1575 879 1870 948 effugere

176 966 271 1015 est
302 962 687 1030 triumphus,
742 962 901 1029 ultro,
933 959 1125 1028 inquit,
1156 958 1298 1010 bello
1324 957 1556 1026 petimus
1581 954 1873 1021 RomanOS,

177 1056 405 1107 quorum
445 1055 636 1088 manus
679 1037 724 1088 si
764 1035 1106 1105 effugerimus
1149 1032 1380 1103 gaudere
1417 1031 1688 1097 debemus7
1728 1027 1873 1080 simi-

176 1114 359 1181 lesque
406 1112 464 1164 in
508 1111 611 1163 hoc
668 1129 851 1163 sumus
908 1109 1105 1177 cerum,
1169 1107 1261 1176 qui
1324 1107 1481 1175 lupos
1536 1105 1681 1156 ultro
1735 1103 1875 1155 inse-

180 1190 405 1254 ctentur,
446 1205 579 1254 quos
622 1185 823 1254 alioqui
861 1184 1047 1254 fugere
1089 1182 1333 1234 debeant.
1478 1180 1546 1233 57
1590 1177 1767 1230 duris
1807 1180 1878 1230 ub

111 1277 153 1310 15
178 1262 307 1314 ilex
345 1264 534 1314 tonsa
573 1259 970 1328 bipennibus
1009 1258 1241 1327 nigrae
1280 1256 1484 1308 feraci
1522 1251 1773 1305 frondis
1813 1251 1879 1304 in

178 1336 431 1406 Algido.
534 1334 663 1388 ordo
713 1337 816 1386 est:
865 1336 926 1386 ut
973 1333 1080 1384 ilex
1134 1332 1323 1400 nigrae
1359 1331 1507 1396 [esf]
1562 1325 1766 1380 frondis
1820 1325 1879 1377 in

180 1411 380 1481 Algido
428 1409 597 1463 feraci
644 1409 790 1461 duris
839 1408 1165 1477 bipennibus
1217 1409 1392 1459 tonsa.
1471 1421 1658 1456 sensus
1699 1402 1880 1453 autem

179 1485 269 1537 hic
326 1489 429 1537 est:
485 1487 548 1537 ut
601 1484 730 1553 ilex,
789 1486 991 1552 quanto
1048 1482 1222 1551 magis
1287 1480 1563 1532 securibus
1627 1475 1880 1544 caedstnr,

180 1562 334 1612 ’canto
384 1559 769 1612 corroborabur
815 1558 989 1627 magis
1040 1575 1101 1608 ac
1156 1555 1465 1623 reuiuescit,
1520 1553 1598 1604 ita
1647 1549 1882 1602 Romani

117 1650 159 1682 20
183 1653 279 1704 per
319 1634 516 1686 damna
557 1633 733 1685 caedis
775 1651 901 1685 suae
941 1631 1192 1685 fortiores
1235 1629 1408 1682 effecti
1448 1629 1589 1681 sunt.
1654 1624 1881 1694 nigrae

183 1708 436 1761 frondis
484 1708 539 1760 id
586 1710 668 1760 esf
713 1706 900 1760 uiridis
958 1708 1118 1774 atque
1174 1705 1476 1757 umbrosae.
1630 1700 1699 1753 61
1756 1718 1884 1752 non

183 1782 404 1852 Hydra
446 1785 620 1835 secto
653 1799 922 1850 corpore
955 1779 1210 1832 firmior
1243 1782 1297 1832 et
1327 1779 1550 1847 reliqua.
1613 1778 1884 1843 oportuna

187 1857 520 1926 conparatio,
560 1875 665 1925 qua
703 1856 981 1909 Romanos
1027 1856 1147 1907 uult
1185 1853 1429 1922 intellegi
1469 1850 1627 1904 caede
1669 1850 1751 1902 sui
1789 1869 1884 1919 po-

185 1932 447 1984 fentiores
519 1931 648 1983 fieri.
858 1930 928 1983 63
1000 1932 1440 1981 monstrumue
1523 1925 1884 1979 submisere

119 2022 163 2054 25
189 2005 413 2059 Colchi
466 2006 669 2057 maius
716 2004 1156 2058 Echioniaeue
1214 2002 1494 2054 Thebae:
1573 2003 1666 2054 ubi
1714 2019 1885 2054 arma-

187 2084 369 2134 torum
417 2098 570 2150 seges
621 2080 823 2132 exiluif.
923 2097 1019 2148 per
1063 2078 1197 2130 haec
1248 2080 1429 2129 aufem
1467 2076 1715 2147 intellegi
1754 2076 1887 2142 uulf,

189 2155 435 2207 mirabile
507 2172 622 2207 esse
691 2173 804 2207 non
868 2154 1050 2207 deesse
1111 2151 1390 2205 Romanos
1459 2154 1546 2204 'not
1613 2150 1887 2218 tantisque

189 2230 454 2281 bellorum
495 2229 736 2282 cladibus
786 2228 1035 2297 acceptis,
1174 2228 1241 2279 67
1287 2229 1597 2296 geretque
1635 2224 1889 2295 proelia

192 2303 582 2372 coniugibus
629 2303 968 2371 loquenda.
1067 2304 1248 2354 utrum
1297 2301 1452 2369 ‘quae
1499 2301 1605 2368 ipsi
1654 2298 1889 2352 Romani

126 2397 169 2429 30
193 2378 391 2429 milites
433 2377 575 2445 apud
615 2378 872 2447 coniuges
915 2396 1039 2429 suas
1083 2374 1397 2443 ostentent'‚
1438 2393 1508 2426 an
1555 2374 1712 2442 ‘quae
1765 2391 1888 2426 con-

192 2453 344 2521 iuges
393 2469 577 2503 eorum
618 2451 679 2503 de
720 2452 928 2503 maritis
971 2452 1079 2503 suis
1120 2448 1487 2519 praedicent’?
1615 2449 1685 2500 70
1726 2448 1888 2501 occi-

318 2604 339 2641 1
372 2598 509 2654 Frag.
544 2603 585 2652 3,
620 2602 675 2641 55
709 2597 887 2653 (Kritz),
923 2597 1003 2641 sed
1040 2597 1112 2640 ‘ub
1144 2632 1154 2640 .
1190 2633 1198 2640 .
1234 2595 1506 2653 adstringiss'
1544 2595 1784 2640 omitbunb.

320 2722 340 2759 1
381 2717 475 2760 hab
511 2752 519 2760 .
556 2753 564 2761 .
598 2718 651 2760 ul:
688 2717 861 2772 (plzores
900 2717 1058 2760 literae
1096 2730 1232 2772 quam
1272 2716 1320 2759 ei:
1365 2715 1607 2760 euomuisse
1652 2714 1891 2768 uidentur)

200 2776 263 2819 M
381 2781 406 2819 2
440 2789 767 2832 germonorum
803 2776 865 2818 M
985 2780 1008 2819 7
1043 2775 1130 2819 dii:
1163 2775 1214 2818 h1
1249 2775 1311 2817 M
1445 2780 1471 2818 8
1507 2787 1699 2830 aopems
1734 2773 1797 2816 M

201 2840 254 2877 13
286 2837 568 2879 insectemur
599 2840 640 2879 et
672 2835 821 2891 aliqui
854 2836 917 2878 M
1038 2840 1089 2878 17
1122 2834 1401 2878 bibenmbus
1435 2834 1498 2876 M
1616 2838 1670 2876 21
1703 2831 1891 2875 frondes

202 2895 264 2936 M
380 2896 553 2938 uirides
588 2895 651 2938 M
769 2897 909 2950 atque
949 2895 1073 2938 umb.
1106 2908 1210 2938 nos:
1257 2893 1581 2937 adaimbrosae
1615 2892 1696 2944 M,
1744 2893 1791 2934 et
1821 2890 1894 2933 uel

201 2955 282 2997 aub
312 2969 355 2998 11.
387 2969 415 3009 ς
506 2959 560 2997 23
595 2968 709 3010 qua:
743 2968 824 3009 qui
858 2954 930 3006 M,
962 2954 1074 3009 quia
1106 2969 1134 3008 ς
1217 2955 1480 3008 potentiore
1515 2951 1578 2994 M
1666 2955 1723 2994 24
1755 2964 1891 2994 suum

199 3027 367 3057 nnsere
399 3013 550 3058 colch1
581 3027 731 3071 mag1s
763 3013 985 3056 &hu-onia
1015 3015 1068 3056 ut
1098 3012 1240 3072 thebe
1276 3012 1339 3054 M
1464 3016 1520 3055 30
1553 3009 1801 3054 ostendent
1834 3007 1900 3052 M
