1939 3197
165 40 275 92 216
334 39 336 41 ’
381 33 386 38 ’
731 41 934 86 SERMO
966 43 1000 97 Ι,
1035 46 1076 97 5,
1109 47 1299 112 38-61.

164 181 320 231 nesto
360 179 479 231 loco
521 181 664 230 nata.
780 178 849 230 38
902 177 1167 230 Murena
1221 179 1571 248 praebente
1612 181 1865 236 domum

165 252 483 321 Capitone
524 253 818 304 culinam.
897 252 1026 303 dicit
1066 270 1120 303 se
1145 251 1375 304 Formiis
1400 252 1656 306 Murenae
1697 255 1861 309 domo-

163 327 499 394 hospitatu‘m
555 344 693 393 esse,
747 326 839 377 sed
891 326 1032 393 apud
1073 324 1391 394 Capitonem
1444 345 1673 380 cenasse.
1786 331 1861 382 44

164 401 330 453 nihil
371 418 486 469 ego
528 400 912 451 contulerim
951 400 1228 452 iucundo
1271 418 1462 453 sanus
1503 420 1548 453 a.
1604 403 1858 470 quamdiu

121 490 140 521 5
167 493 299 527 sana
338 476 517 526 mente
558 492 690 541 sum,
729 473 919 542 inquit,
958 473 1092 525 nihil
1131 474 1334 542 putabo
1377 476 1718 543 conparabile
1744 495 1864 529 esse

165 548 396 601 iucundo
422 549 593 600 amico
619 565 755 600 meo.
870 546 942 599 45
982 548 1271 615 proxima
1312 546 1634 617 Campano
1674 552 1860 618 ponti

166 641 324 691 quae
364 623 600 674 uillula
638 624 878 673 tectum
918 621 1232 689 praebuit.
1308 622 1396 673 hic
1424 623 1860 693 subdistinguen-
1932 659 1935 663 ’

166 698 291 749 dum
355 699 408 748 et
470 696 796 747 audiendum
851 696 1179 747 extrinsecus
1242 697 1466 748 uerbum
1525 695 1674 766 ‘est'‚
1736 699 1861 767 quia

165 772 382 840 plenum
427 771 501 822 sic
541 770 622 821 fit:
672 788 806 838 quae
841 770 971 822 uilla
995 770 1240 838 proxima
1282 770 1378 836 [id]
1421 773 1502 822 est
1525 772 1680 839 ponti
1706 770 1862 824 Cam-

101 865 142 895 10
165 863 333 915 pano,
370 848 572 896 tectum
611 844 873 912 praebuit.
944 844 1209 912 significat
1248 847 1427 896 autem
1458 845 1607 897 iuxta
1638 849 1861 914 pontem

167 919 525 987 Campanum,
581 919 671 986 qui
727 921 809 969 est
848 918 982 970 citra
1022 921 1229 970 sextum
1270 918 1534 971 decimum
1573 921 1862 973 miliarium

167 1013 199 1046 a
239 993 423 1061 Capua
462 994 518 1045 in
556 993 687 1044 uilla
727 1011 781 1044 se
821 992 1099 1044 mansisse.
1176 993 1246 1044 46
1295 995 1356 1044 et
1393 994 1659 1061 parochi
1701 1013 1862 1063 quae

166 1068 402 1119 debent
440 1068 620 1136 ligna
660 1067 998 1134 salemque.
1076 1084 1139 1117 ex
1163 1067 1328 1118 uerbo
1354 1068 1675 1135 praebuit,
1717 1070 1859 1137 quod

167 1144 248 1193 est
285 1142 342 1193 in
383 1141 646 1209 principio
694 1158 902 1207 uersus,
959 1139 1372 1208 ‘praebuerunt’
1434 1140 1538 1193 huc
1579 1142 1862 1195 adsumen-

101 1238 141 1269 15
167 1216 292 1267 dum
346 1218 439 1266 est.
523 1214 746 1283 parochi
798 1218 975 1266 autem
1028 1214 1249 1282 copiarii
1300 1215 1553 1267 dicuntur
1603 1211 1709 1268 ἀπὸ
1761 1223 1866 1270 τοῦ

165 1288 425 1359 παρέχειν
481 1289 571 1354 [ab
623 1289 910 1354 exhibere}
986 1288 1250 1356 hodieque
1302 1291 1481 1340 autem
1533 1308 1564 1341 a
1615 1291 1861 1358 copiariis

166 1366 512 1433 praestantur
564 1363 696 1414 haec
746 1363 812 1414 iis
826 1405 839 1431 7
891 1363 981 1431 qui
1031 1362 1108 1414 rei
1158 1363 1403 1431 publicae
1445 1381 1604 1416 causa
1644 1364 1746 1416 iter
1783 1365 1862 1417 fa—

167 1439 331 1495 ciunt,
444 1438 514 1490 49
567 1455 836 1505 namque
890 1438 1023 1505 pila
1062 1437 1260 1506 lippis
1299 1438 1627 1490 inimicum
1669 1441 1729 1490 et
1766 1439 1863 1491 lu-

167 1513 311 1564 dere
354 1530 458 1563 cru
473 1512 582 1563 dis.
663 1529 717 1563 se
757 1511 964 1580 lippum
1006 1511 1232 1579 dixerat3
1259 1518 1260 1521 ’
1288 1529 1416 1581 ergo
1467 1512 1688 1564 crudum
1727 1511 1859 1565 Uer-

99 1609 142 1641 20
168 1586 355 1656 gilium
393 1586 794 1654 intellegamus⁷
834 1586 959 1654 quia
997 1586 1210 1637 uidetur
1250 1586 1463 1655 singula
1503 1586 1728 1656 singulis
1769 1586 1864 1639 ad-

168 1661 425 1730 signasse.
540 1660 607 1711 51
674 1678 832 1727 quae
896 1677 1086 1727 super
1132 1662 1228 1711 est
1283 1658 1480 1712 Caudi
1521 1678 1864 1729 cauponas,

167 1753 199 1786 a
240 1733 425 1803 Capua
463 1734 735 1802 profectos
774 1735 833 1785 m
870 1734 1003 1785 uilla
1042 1732 1210 1786 Coccei
1246 1734 1506 1789 mansisse
1548 1753 1603 1786 se
1643 1735 1862 1804 indicat,

168 1827 304 1878 quae
360 1811 441 1860 est
495 1826 657 1876 supra
709 1808 964 1859 tabernas
1017 1805 1185 1859 Caudi
1240 1808 1438 1876 oppidi.
1560 1808 1628 1860 51
1692 1827 1860 1861 nunc

166 1883 323 1934 mihi
368 1882 589 1951 paucis
659 1880 979 1934 Sarmenti
1042 1899 1299 1934 scurrae
1364 1899 1643 1951 pugnam
1697 1882 1862 1935 Mes—

101 1979 143 2011 25
170 1958 350 2025 sique
391 1954 624 2008 Cicirri
663 1954 840 2008 Musa
886 1956 1080 2007 uelim
1127 1974 1449 2008 memores.
1527 1957 1763 2008 ostendit
1803 1975 1858 2009 se

165 2031 461 2083 relaturum
502 2030 927 2098 contentionem,
975 2048 1136 2099 quam
1174 2031 1316 2082 inter
1357 2049 1410 2082 se
1453 2029 1766 2083 Sarmentus
1806 2034 1863 2083 et

168 2104 401 2157 Cicirrus
455 2104 768 2172 habuerint,
830 2105 988 2156 ambo
1053 2107 1106 2156 et
1162 2105 1469 2156 urbanitate
1533 2107 1587 2156 et
1636 2104 1863 2158 audacia

166 2179 307 2247 noti,
369 2179 574 2247 equites
628 2181 813 2230 tamen
866 2178 1115 2231 Romani.
1239 2179 1309 2231 54
1363 2178 1555 2230 Messi
1617 2179 1859 2231 clarum

167 2269 367 2321 genus
431 2251 591 2304 Osci.
689 2252 923 2321 figurata
971 2253 1224 2304 elocutio:
1287 2252 1452 2305 Messi
1508 2269 1678 2321 genus
1734 2251 1858 2305 Osci

100 2349 142 2380 30
168 2330 307 2379 sunt.
385 2324 456 2378 55
483 2324 802 2378 Sarmenti
828 2327 1083 2379 domina
1120 2329 1345 2378 exstat.
1424 2327 1498 2378 sic
1522 2325 1625 2378 hoc
1650 2326 1861 2394 dicitur,

167 2400 320 2469 quasi
350 2400 633 2453 libertinus
665 2400 829 2452 fuerit
855 2399 1184 2453 Sarmentus.
1285 2401 1351 2452 61
1381 2400 1550 2451 laeui
1577 2399 1860 2452 frontem

287 2521 311 2558 2
344 2515 504 2558 formis
538 2516 602 2558 M
740 2521 768 2558 4
800 2516 997 2559 1ocundo
1032 2516 1095 2559 M
1212 2520 1236 2559 5
1271 2530 1358 2558 s1m
1391 2516 1455 2559 M
1601 2520 1626 2559 6
1657 2515 1859 2559 iocundo

168 2574 231 2617 M
362 2588 465 2618 meo
497 2588 579 2618 om.
615 2589 643 2629 ς
674 2579 788 2618 recte
816 2576 922 2629 fort.
1064 2580 1118 2619 14
1156 2575 1245 2618 hoc
1278 2575 1341 2618 M
1477 2579 1530 2619 15
1571 2588 1764 2630 cup1arn
1798 2575 1861 2617 M

286 2638 338 2677 16
393 2634 502 2676 haec
555 2635 702 2677 deleui
863 2639 915 2677 17
971 2635 1094 2677 mter
1134 2635 1198 2677 M
1347 2639 1401 2678 18
1455 2634 1588 2690 phila
1620 2669 1629 2679 .
1666 2668 1675 2677 .
1707 2633 1859 2677 trudis

167 2692 231 2734 M
321 2697 373 2736 19
406 2692 601 2749 lyppum
636 2693 699 2735 M
794 2698 847 2736 21
883 2693 1036 2736 claudl
1070 2693 1133 2736 M
1221 2698 1275 2736 22
1308 2692 1858 2749 profectNfflsesemdmat

167 2752 230 2794 M
319 2756 373 2795 23
407 2753 623 2807 paternas
659 2752 723 2794 M
809 2758 865 2795 24
899 2754 1144 2796 sarmentis
1177 2786 1186 2796 .
1222 2788 1230 2797 .
1264 2766 1514 2807 mesanue
1548 2752 1611 2794 M
1676 2756 1730 2794 26
1763 2763 1859 2793 sar—

165 2811 365 2853 mentius
396 2811 433 2853 &
464 2824 670 2854 c101rr1us
703 2811 766 2853 M
876 2816 931 2854 27
966 2812 1157 2856 audatia
1190 2846 1199 2855 .
1235 2846 1244 2855 .
1277 2813 1487 2866 aequites
1521 2811 1584 2854 M
1680 2814 1735 2853 28
1765 2810 1854 2852 sch.

165 2882 209 2912 u.
245 2873 303 2913 54
328 2873 434 2924 post
463 2871 595 2914 schol.
628 2884 673 2913 u.
708 2874 767 2914 55
799 2873 862 2913 est
891 2871 943 2913 in
976 2871 1039 2913 M
1156 2876 1212 2914 28
1245 2871 1301 2925 cf.
1337 2870 1560 2914 Weichert
1592 2868 1716 2912 Poet.
1747 2867 1859 2912 Lat.

163 2940 208 2981 p.
242 2932 342 2972 225
442 2933 497 2972 29
531 2930 622 2972 orti
651 2928 857 2985 figurate
891 2929 954 2972 M
1050 2934 1106 2973 30
1140 2930 1359 2973 serment1
1393 2930 1456 2972 M
1551 2933 1605 2971 31
1638 2927 1859 2971 hbertme

164 2985 316 3029 fuent.
351 2989 622 3031 sarmentms
657 2988 721 3031 M
850 2988 946 3031 leu1
978 2988 1046 3032 bis
1078 3023 1087 3033 .
1123 3023 1132 3032 .
1166 2989 1320 3032 lenam
1353 2988 1416 3031 M
