1939 3197
157 98 226 149 74
763 96 883 140 ODE
915 97 970 152 11,
1007 101 1059 140 19
1093 97 1141 141 et
1172 101 1241 141 20.

154 253 350 303 equus
391 233 640 285 bicolor
672 231 954 284 maculis,
1055 233 1124 284 27
1160 231 1265 283 sed
1296 231 1458 283 idem
1490 234 1667 301 pacis
1702 251 1842 287 eras

152 308 529 376 mediusque
583 306 763 374 belli,
818 305 921 357 hoc
976 308 1079 357 est:
1134 308 1247 357 tam
1299 306 1428 357 belli
1483 325 1643 376 quam
1696 309 1843 376 pacis

150 385 359 450 potens,
459 381 528 433 29
569 384 629 432 te
670 380 837 432 uidit
875 380 1099 432 insons
1142 378 1468 432 Cerberus,
1537 399 1650 434 non
1690 381 1843 434 ζ00111-
1926 379 1927 382 ’

153 474 249 526 per
293 453 517 523 insons',
566 454 658 506 sed
715 452 834 505 ‘tibi
879 452 1086 507 insons'
1134 453 1189 505 id
1235 457 1335 505 est:
1384 454 1475 522 qui
1512 455 1613 507 tibi
1651 474 1844 508 nocere

107 545 267 584 5non
304 529 497 598 potuit.
587 532 599 541 ”
650 528 721 580 30
762 546 952 580 aureo
1005 546 1202 580 cornu
1241 528 1550 580 decorum.
1649 528 1842 583 Libero

150 604 293 673 patri
348 606 400 655 et
463 621 665 655 cornua
722 619 755 654 a
808 602 1084 654 nonnullis
1147 601 1526 671 adsignantur,
1590 603 1846 672 quoniam

153 678 355 731 scilicet
393 677 691 729 uinolentia
732 677 895 728 etiam
932 675 1342 744 proteruitatem
1371 678 1425 728 et
1449 678 1844 730 contumaciam

152 752 345 804 addere
388 752 546 819 solet,
596 768 731 819 quae
770 768 865 819 per
906 768 1106 802 cornua
1147 749 1532 819 significantur.
1647 751 1719 803 30
1758 752 1843 804 le·

150 826 323 878 niter
363 828 647 878 atterens
690 825 966 877 caudam.
1061 824 1319 891 suauiter,
1358 826 1419 876 ut
1460 825 1636 877 solent
1685 843 1843 878 canes

84 923 128 955 10
151 900 325 953 facere
365 899 595 952 dominis
637 899 990 951 blandientes.

843 1044 961 1088 ODE
996 1049 1036 1098 2,
1072 1049 1141 1088 20.

299 1135 440 1188 Non
474 1137 735 1188 usitata
781 1154 894 1187 nec
941 1138 977 1186 t.
1025 1136 1058 1186 f.
1100 1154 1149 1203 p.
1227 1135 1434 1202 poetice
1477 1135 1748 1204 significat
1788 1153 1842 1188 se

150 1211 208 1262 in
271 1210 428 1278 cycni
489 1210 719 1278 figuram
779 1210 1137 1262 transiturum
1200 1212 1253 1260 et
1316 1209 1592 1261 dulcedine
1654 1212 1844 1261 cantus

149 1287 326 1336 totum
373 1283 557 1335 orbem
610 1284 954 1351 inpleturum.
1054 1301 1181 1335 non
1228 1283 1473 1334 usitata
1524 1285 1704 1335 autem
1743 1283 1846 1335 hoc

84 1378 127 1411 15
153 1361 256 1410 est:
298 1376 411 1409 non
450 1358 685 1426 uulgari3
725 1375 821 1409 nec
864 1357 1007 1409 enim
1046 1356 1293 1426 uulgaria
1334 1356 1531 1408 scribit.
1680 1357 1714 1408 2
1753 1357 1844 1409 bi-

152 1432 389 1485 formis
489 1431 776 1484 biformem
828 1434 1010 1484 autem
1057 1434 1240 1483 uatem
1293 1448 1347 1482 se
1398 1430 1547 1499 dicit,
1599 1431 1740 1499 quod
1792 1434 1846 1483 et

149 1506 317 1575 lyrica
342 1505 542 1557 scribat
567 1508 620 1557 et
643 1506 1000 1558 hexametros.
1101 1504 1134 1557 5
1173 1522 1300 1557 non
1340 1522 1454 1574 ego
1494 1522 1845 1573 pauperum

150 1580 415 1649 sanguis
478 1583 832 1648 parentum.
931 1579 1034 1631 hoc
1089 1581 1191 1630 est:
1254 1596 1366 1630 non
1421 1596 1510 1630 ero
1573 1578 1845 1648 ignobilis,

152 1672 310 1722 quem
348 1654 552 1722 putatis
598 1653 893 1706 humilibus
933 1653 1247 1722 parentibus
1288 1655 1491 1704 natum.
1644 1652 1677 1705 6
1717 1671 1846 1706 non

82 1751 126 1782 20
151 1745 265 1798 ego
307 1745 488 1795 quem
528 1745 717 1780 uocas
760 1727 993 1779 dilecte
1033 1725 1370 1778 Maecenas
1412 1726 1617 1778 obibo.
1678 1729 1845 1796 negat

151 1820 205 1854 00
247 1801 540 1865 obiturum,
589 1802 731 1871 quod
777 1820 872 1870 per
919 1801 1231 1870 allegoriam
1271 1800 1513 1870 intellegi
1551 1800 1693 1869 uult,
1732 1819 1843 1852 001-

148 1876 297 1927 mina
337 1894 434 1927 0110
475 1893 682 1944 semper
720 1875 978 1928 fioritura.
1129 1875 1161 1926 9
1210 1875 1332 1925 10111
1379 1874 1502 1925 10111
1551 1874 1845 1926 residunt

149 1949 442 2002 cruribus
492 1968 759 2019 asperae
807 1950 1025 2018 pelles.
1102 1949 1211 2000 iam
1251 1948 1379 2000 dicit
1427 1965 1480 2000 se
1520 1948 1577 1999 in
1618 1966 1844 2017 cycnum

148 2024 540 2093 transfigurari.
696 2025 762 2076 13
825 2024 948 2075 iam
1001 2022 1324 2074 Daedaleo
1387 2022 1606 2074 notior
1658 2021 1841 2074 Icaro

81 2119 124 2152 25
149 2098 352 2150 uisam
393 2098 709 2168 gementis
757 2098 956 2150 litora
1002 2096 1338 2165 Bosphori.
1438 2095 1526 2147 hic
1565 2095 1844 2165 {significat

151 2172 387 2223 carmina
429 2191 524 2224 sua
565 2172 631 2223 ad
672 2175 908 2224 extrema
947 2189 1115 2239 usque
1156 2170 1300 2222 orbis
1339 2172 1604 2221 terrarum
1641 2172 1694 2221 et
1724 2170 1843 2221 bar-

151 2246 309 2297 baras
367 2247 528 2297 etiam
592 2249 779 2315 gentes
841 2248 1184 2314 peruentura.
1285 2244 1599 2313 gementis
1663 2246 1842 2295 autem

152 2318 474 2387 Bosphori
511 2319 613 2372 hoc
655 2323 756 2371 est:
797 2319 1182 2388 perstrepentis
1220 2336 1281 2369 00
1307 2317 1550 2370 sonantis
1574 2318 1842 2386 intellege.

302 2393 368 2445 16
409 2393 996 2461 Hyperboreosque
1046 2410 1320 2459 campos:
1370 2391 1461 2458 qui
1499 2391 1642 2442 ultra
1680 2390 1841 2443 flatus

82 2489 127 2521 30
152 2467 418 2534 aquilonis
468 2467 839 2535 septemtrioni
886 2467 1181 2518 subiacent.
1299 2466 1363 2516 17
1407 2468 1468 2516 et
1507 2464 1613 2532 qui
1654 2464 1842 2516 dissi-

150 2541 349 2592 mulat
388 2544 621 2592 metum
660 2540 908 2593 Marsae
951 2539 1265 2592 cohortis:
1307 2537 1569 2590 Italorum
1609 2538 1842 2590 militum

152 2614 354 2683 accipe3
400 2614 568 2666 Marsi
623 2615 765 2666 enim
816 2614 942 2665 Itali
991 2616 1131 2665 sunt.
1284 2612 1351 2663 21
1405 2612 1623 2664 absint
1662 2612 1843 2664 inani

149 2688 374 2741 funere
421 2689 663 2740 neniae.
763 2688 955 2740 neniae
997 2687 1139 2739 enim
1179 2688 1368 2738 cantus
1411 2688 1537 2737 sunt
1575 2685 1839 2738 funerum.

270 2838 295 2877 5
326 2833 465 2877 liberi
498 2833 560 2876 M
689 2839 714 2877 9
749 2833 899 2876 cauda
931 2833 994 2875 M
1129 2837 1181 2875 15
1214 2845 1308 2875 non
1339 2831 1558 2888 uulgaria
1589 2831 1653 2874 M
1786 2836 1839 2874 17

153 2892 401 2936 exam&ros
437 2893 500 2935 M
646 2897 702 2935 20
734 2905 951 2950 mecenas
984 2892 1048 2935 M
1170 2896 1225 2933 21
1258 2903 1350 2946 quo
1384 2905 1412 2945 ς
1563 2894 1620 2933 24
1651 2890 1727 2933 1110
1759 2903 1840 2932 010
1924 2887 1930 2902 ·’

153 2984 161 2993 .
197 2985 205 2992 .
239 2950 377 2994 litera
410 2952 473 2994 M
591 2956 646 2995 25
676 2950 753 2994 hic
784 2963 888 2994 nos:
919 2950 1036 2995 haec
1071 2950 1143 3002 M,
1175 2949 1265 2993 hoc
1298 2964 1325 3004 ς
1444 2953 1499 2993 28
1531 2948 1620 2992 hoc
1652 2950 1724 2992 est
1753 2948 1840 2993 del.

153 3007 309 3066 Pauly
438 3015 492 3054 29
525 3010 919 3067 hiperboreosque
954 3009 1016 3052 M
1135 3013 1188 3051 31
1222 3021 1373 3052 marse
1407 3021 1459 3051 co
1491 3007 1649 3051 hostes
1683 3007 1748 3050 M

1930 2514 1939 2722 ..s—ha——z—-mffl
1930 2409 1939 2506 mm.--»
1937 2395 1939 2397 .
1936 2363 1939 2385 ..1
1929 2163 1939 2350 humanans-..⁴
1932 2103 1939 2148 -.n-
