1939 3197
667 48 869 93 SERMO
902 50 936 105 Ι,
970 55 1010 104 6,
1042 53 1233 94 65-85,
1679 52 1788 104 223

106 202 222 252 que
279 201 417 236 esse
468 184 533 235 in
583 184 924 236 amicorum
977 203 1252 237 numero.
1328 186 1568 255 plerique
1608 189 1788 257 grauis

103 258 285 310 iudicii
337 258 440 309 uiri
492 258 612 309 ideo
660 275 773 310 non
824 260 1023 310 temere
1076 259 1133 310 in
1181 259 1472 311 amicitiam
1511 261 1789 329 recipiunt,

104 350 171 384 ne
225 330 381 383 facile
437 331 726 383 dimittant.
805 332 1040 383 ostendit
1093 350 1220 402 ergo
1276 331 1644 385 Maecenatem
1697 353 1790 402 per

103 422 298 457 nouem
353 423 562 456 menses
618 405 681 456 de
737 423 791 457 se
845 405 1108 457 iudicasse
1163 423 1223 457 ac
1279 406 1353 458 sic
1403 407 1460 458 in
1500 407 1790 459 amicitiam

102 478 379 546 recepisse.
518 478 586 530 65
649 479 828 548 atqui
884 480 937 530 si
990 479 1172 531 uitiis
1227 479 1654 532 mediocribus
1717 496 1831 534 ac5

103 570 241 603 mea
277 552 497 620 paucis
537 553 841 605 mendosa
881 555 977 604 est
1014 555 1247 604 natura
1282 554 1576 623 alioquin
1599 558 1790 606 recta.

102 625 398 677 uerecunde
439 626 722 678 confitetur
760 644 873 678 esse
913 627 1175 678 nonnulla
1213 627 1360 695 uitia,
1398 645 1584 678 uerum
1607 630 1791 680 tamen

85 699 404 751 .mediocria.
482 702 535 751 et
580 700 791 751 uidetur
828 700 930 752 hoc
968 718 1156 752 uerum
1195 718 1331 768 esse,
1385 703 1446 751 ut
1482 719 1640 753 nemo
1679 720 1790 753 non

104 772 162 823 in
202 773 380 841 aliquo
420 773 553 825 uitio
595 774 665 825 sit
704 774 1051 841 constitutuS,
1106 773 1197 826 sed
1251 773 1361 824 iam
1416 774 1614 825 dudum
1654 775 1789 826 bene

103 849 204 915 est,
260 847 306 897 si
343 846 474 897 illud
513 847 704 897 uitium
759 847 829 897 sit
881 865 1108 914 paruum
1142 849 1195 899 et
1233 847 1317 898 cui
1356 847 1565 915 ignosci
1603 848 1789 916 possit.
1817 863 1856 894 ιο

253 920 320 971 68
378 922 486 970 aut
538 920 704 971 mala
742 920 950 972 lustra
990 921 1233 973 obiciet
1272 921 1605 989 quisquam
1644 939 1790 973 uere

102 992 272 1045 milii.
348 994 518 1044 lustra
555 1012 666 1046 non
705 993 939 1045 ferarum
978 994 1174 1046 cubilia
1211 996 1426 1046 tantum
1474 994 1567 1046 sed
1607 997 1661 1046 et
1698 1013 1789 1063 po-

104 1067 263 1134 pinae
304 1066 565 1119 dicuntur.
612 1086 740 1119 nam
765 1070 819 1119 et
856 1067 1123 1120 Plautus
1171 1068 1229 1119 in
1270 1065 1506 1119 Casina
1553 1068 1629 1119 ait
1666 1067 1791 1120 Ubi

102 1141 167 1191 in
227 1140 434 1191 lustra
494 1141 771 1193 iacuisti.
863 1143 1006 1193 mala
1062 1143 1232 1193 lustra
1295 1143 1474 1193 autem
1530 1145 1789 1210 perpetuo

103 1213 340 1282 epitheto
382 1214 537 1283 dixit,
577 1232 675 1266 nec
715 1215 858 1266 enim
892 1218 1017 1267 sunt
1039 1215 1199 1283 bona,
1237 1218 1298 1267 ut
1322 1215 1390 1266 ad
1414 1215 1788 1267 discretionem
1816 1229 1855 1262 15

104 1306 287 1340 eorum
341 1288 484 1339 mala
537 1288 742 1340 dixerit.
836 1289 911 1340 sic
974 1289 1101 1340 dicit
1154 1288 1447 1340 Plautus:
1511 1288 1789 1340 Athenis

102 1360 341 1413 Atticis
405 1364 458 1413 et
504 1361 810 1414 Lucilius:
867 1361 1186 1431 Campana
1233 1361 1460 1430 Capua.
1575 1363 1644 1414 69
1686 1363 1790 1414 ob-

102 1435 256 1497 iciet
295 1435 631 1504 quisquam
670 1454 816 1488 uere
856 1436 1025 1488 mihi.
1072 1437 1207 1488 bene
1233 1436 1471 1488 additum
1513 1439 1594 1487 est
1632 1454 1791 1488 uere.

102 1508 236 1560 illud
261 1509 403 1560 enim
427 1510 583 1561 iiobis
626 1509 920 1561 curandum
960 1512 1055 1578 est,
1093 1528 1161 1561 ne
1193 1510 1405 1578 probra,
1445 1527 1578 1578 quae
1611 1509 1668 1560 in
1690 1528 1790 1562 nos

104 1581 373 1651 dicuntur,
435 1601 557 1634 uere
610 1583 876 1652 dicantur,
937 1584 1178 1652 alioquin
1231 1585 1359 1650 quin
1414 1582 1678 1650 dicantur,
1734 1584 1791 1634 in
1812 1599 1856 1631 20

20 1722 23 1725 ι
104 1658 294 1708 nostra
331 1674 442 1708 non
482 1660 564 1708 est
600 1659 884 1725 potestate.
994 1658 1063 1709 72
1118 1657 1180 1709 in
1219 1656 1406 1708 Flaui
1443 1657 1658 1708 ludum
1697 1675 1789 1708 me

102 1730 372 1781 mittere.
448 1730 696 1782 uidelicet
748 1731 893 1783 1111110
931 1730 1180 1783 Flauium
1234 1733 1571 1783 cateruarum
1613 1730 1794 1783 docto*

101 1821 215 1855 rem
253 1803 431 1856 fuisse.
561 1805 629 1857 83
694 1804 979 1856 seruauit
1033 1805 1107 1856 ab
1172 1805 1341 1856 omni
1394 1822 1522 1856 non
1585 1805 1790 1857 solum

102 1876 275 1930 facto
315 1895 532 1929 uerum
573 1878 921 1946 obprobrio
962 1896 1208 1948 quoque
1247 1878 1439 1946 turpi.
1503 1878 1790 1946 eleganter.

102 1950 332 2003 forsitan
373 1951 515 2003 enim
553 1970 744 2019 parum
795 1952 866 2004 sit
903 1952 980 2003 ita
1017 1952 1197 2003 uiuere
1237 1969 1305 2002 ne
1344 1951 1602 2019 probrose
1641 1951 1699 2002 in
1736 1953 1788 2002 te
1812 1965 1857 1998 25

26 2056 29 2058 -
104 2024 303 2092 aliquid
330 2025 605 2092 admittaS,
642 2025 746 2076 nisi
786 2025 949 2077 etiam
987 2025 1345 2093 suspicionem
1391 2042 1604 2076 omnem
1646 2042 1789 2076 amo-

103 2115 246 2149 11008.
346 2097 415 2150 85
439 2116 550 2150 1100
588 2098 806 2150 timuit
846 2098 971 2150 sibi
1007 2116 1081 2150 ne
1120 2098 1284 2150 uitio
1325 2098 1466 2168 quis
1506 2100 1791 2149 uerteret

105 2171 255 2223 olim
296 2171 346 2223 si
385 2189 614 2239 praeco
655 2190 886 2240 paruas
934 2175 1043 2223 aut
1087 2176 1147 2224 ut
1189 2171 1317 2223 fuit
1354 2172 1491 2239 ipse
1531 2174 1791 2223 coactor

103 2245 420 2296 mercedes
485 2263 796 2314 sequerer.
876 2246 1002 2314 quid
1042 2245 1207 2315 quod,
1262 2245 1453 2315 inquit,
1491 2263 1603 2297 non
1641 2263 1787 2296 uere-

104 2319 263 2370 batur
300 2337 448 2370 meus
487 2324 661 2388 pater,
714 2337 782 2371 ne
821 2319 879 2370 in
918 2320 1116 2371 malam
1155 2318 1609 2371 existimationem
1649 2318 1790 2387 apud
1814 2336 1856 2368 30

105 2392 248 2444 ciues
299 2395 352 2444 et
405 2395 664 2462 cognatos
719 2393 995 2461 recideret,
1059 2393 1103 2445 si
1152 2393 1286 2445 1111111
1332 2392 1575 2445 liberalia
1615 2392 1792 2444 studia

103 2596 168 2638 HI
219 2543 279 2639 1Ιέ
315 2538 414 2581 Cas.
448 2543 495 2593 2,
528 2543 568 2593 3,
602 2543 671 2582 36.
767 2543 820 2582 16
852 2537 1016 2582 Pseud.
1052 2543 1097 2593 1,
1132 2543 1178 2593 5,
1212 2543 1253 2581 2.
1363 2542 1416 2581 17
1449 2536 1593 2580 Lucil.
1626 2537 1789 2593 fragm.

173 2631 182 2650 ,
278 2631 286 2639 .

225 2733 250 2771 2
284 2732 324 2771 et
354 2734 381 2771 4
413 2730 669 2772 amiticiam
703 2729 765 2772 M
883 2734 908 2772 3
954 2729 1205 2773 demittant
1238 2728 1301 2771 M
1418 2734 1442 2772 6
1482 2728 1632 2771 recta:
1681 2741 1792 2772 uera

108 2787 171 2830 M
289 2792 313 2830 9
364 2787 455 2830 alio
505 2788 567 2830 M
693 2794 747 2831 10
794 2802 958 2844 parum
1005 2789 1068 2831 M
1187 2793 1241 2831 16
1287 2787 1481 2831 Plautus
1512 2790 1553 2830 et
1584 2785 1792 2831 Lucilius

105 2859 210 2890 nos:
255 2846 418 2902 plauto
465 2850 506 2889 et
549 2846 708 2890 lucilio
743 2847 821 2901 M,
869 2846 1040 2890 dicitur
1070 2860 1099 2890 a
1143 2846 1312 2890 Plauto
1358 2849 1399 2887 et
1429 2858 1458 2888 a
1488 2844 1669 2888 Lucilio
1703 2860 1732 2900 ς

106 2909 162 2948 20
195 2905 288 2948 0110
320 2905 461 2960 quin?
545 2910 599 2947 21
640 2906 728 2950 est:
761 2919 859 2949 esse
893 2905 956 2948 M
1036 2911 1092 2948 24
1139 2904 1438 2960 obprobrium
1471 2904 1533 2946 M
1619 2908 1677 2947 25
1699 2904 1790 2947 for·

105 2964 243 3006 sitam
276 2965 337 3006 M
424 2976 558 3019 prose
592 2964 655 3006 M
750 2969 804 3007 27
838 2964 927 3007 81111
959 2978 1055 3008 81110
1090 2965 1152 3007 M
1255 2967 1310 3006 29
1345 2975 1610 3018 sequererer
1643 2963 1705 3005 M
