1939 3197
602 49 803 94 SERMO
836 50 869 105 Ι,
906 54 944 104 1,
978 53 1164 93 61—78.
1624 48 1725 100 187

194 185 261 236 61
317 187 381 236 at
430 184 597 236 bona
634 202 782 252 pars
821 183 1161 236 hominum.
1238 184 1405 236 bona
1443 201 1586 235 nunc
1625 202 1722 252 pro

43 276 244 327 magna
284 257 514 325 dictum,
574 260 635 309 ut
674 275 831 325 saepe
885 256 1134 309 Ennius
1185 259 1239 308 et
1293 257 1405 308 alii
1458 259 1729 309 uetereS.

189 332 258 384 63
321 331 468 399 quid
528 331 733 382 facias
795 331 894 382 illi
956 331 1176 382 iubeas
1239 331 1536 382 miserum
1592 348 1727 381 esse

44 405 339 456 libenter.
415 405 655 473 relinque
696 422 840 471 eum,
878 404 1076 472 inquit,
1116 404 1207 472 qui
1244 404 1406 456 miser
1431 404 1522 472 sit,
1562 422 1727 472 quon-

44 478 152 530 iam
207 477 396 529 deduci
436 478 502 529 ab
540 478 642 530 hac
683 478 936 546 opinione
984 496 1096 530 non
1133 480 1336 546 potest,
1403 496 1507 546 quo
1548 477 1725 529 minus
1751 489 1771 521 5

45 554 199 620 putet
237 552 377 603 tanti
417 569 531 603 esse
571 569 1020 620 unumquemque,
1058 554 1287 620 quantas
1312 551 1527 603 diuitias
1550 550 1729 603 habet.

189 626 258 677 66
319 626 593 693 populus
655 644 746 677 nie
811 626 1048 677 sibilat.
1125 625 1285 692 belle,
1324 625 1450 692 quia
1505 624 1734 676 sibilat

38 698 395 766 praedixerat,
434 698 670 767 plaudo
711 699 910 750 intulit.
986 699 1110 750 inde
1149 701 1330 750 autem
1368 698 1471 750 hoc
1512 698 1730 750 ductum

43 775 138 840 est,
178 772 318 840 quod
360 774 530 825 malos
569 773 838 841 principes
878 772 1112 824 ciuitatis
1151 772 1424 823 theatrum
1456 772 1728 840 ingressos

42 846 273 915 populus
324 846 665 915 exsibilabat,
724 846 897 898 bonos
948 848 1127 897 autem
1176 846 1368 913 plausu
1420 845 1730 913 excipiebat.
1756 858 1797 889 10

188 919 257 972 68
337 919 648 971 Tantalus
725 938 758 971 a
819 919 1020 971 labris
1099 919 1328 971 sitiens
1405 918 1731 987 fugientia

44 994 267 1061 captat
316 993 599 1045 flumina.
675 1011 874 1062 poena,
914 1010 1074 1062 quam
1112 992 1327 1044 fabulae
1369 992 1600 1044 Tantalo
1641 992 1730 1043 ad-

45 1067 388 1135 scripserunt,
428 1062 619 1120 auaros
659 1067 840 1137 urgeri
879 1067 968 1135 ait,
1009 1067 1147 1135 quia,
1185 1070 1247 1118 ut
1284 1067 1374 1118 ille
1399 1067 1540 1117 inter
1563 1084 1728 1134 aquas

43 1140 236 1208 sitiat,
266 1141 344 1192 ita
395 1140 454 1192 hi
504 1140 836 1193 abstinentes
888 1160 919 1192 a
956 1141 1184 1209 pecunia
1239 1159 1399 1208 quam
1453 1139 1731 1208 possident

40 1214 322 1284 egentibus
379 1214 578 1266 similes
632 1214 755 1267 sint.
835 1215 927 1267 sed
977 1217 1236 1266 uenustas
1286 1213 1727 1282 pronuntiatione
1754 1224 1795 1257 15

40 1288 385 1356 exprimenda
424 1291 519 1340 est.
636 1289 703 1340 71
757 1291 818 1341 et
862 1291 1185 1357 tamquam
1223 1305 1487 1356 parcere
1529 1287 1730 1339 sacris

41 1363 307 1431 cogeris,
386 1362 516 1415 ordo
558 1365 661 1414 est:
725 1365 779 1414 et
828 1365 1105 1431 tamquam
1160 1362 1323 1414 sacris
1374 1379 1590 1430 parcere
1646 1378 1729 1413 co-

41 1435 196 1504 geris
306 1436 374 1487 72
408 1438 517 1487 aut
555 1436 749 1504 pictis
788 1439 1107 1505 tamquam
1140 1435 1416 1505 gaudere
1448 1435 1730 1486 tabellis.

45 1509 320 1578 eleganter
358 1509 571 1561 tabellis
613 1510 811 1562 similes
852 1528 967 1562 esse
1008 1510 1223 1562 diuitias
1264 1528 1386 1561 suas
1423 1508 1600 1560 auaris
1641 1508 1732 1576 ait,

44 1600 163 1634 cum
202 1582 287 1634 his
326 1601 439 1636 non
477 1586 721 1651 utantur,
769 1602 829 1635 ac
871 1584 916 1635 si
956 1602 1045 1635 eas
1083 1584 1256 1652 pictas
1294 1583 1546 1634 habeant.
1662 1582 1732 1633 74
1757 1594 1799 1625 20

40 1656 194 1708 adde
235 1657 374 1724 quis
413 1657 686 1710 humana
726 1658 849 1709 sibi
899 1657 1118 1710 doleat
1170 1660 1404 1708 natura
1453 1655 1731 1725 negatis

44 1729 219 1798 adice,
265 1731 464 1799 inquit,
518 1732 710 1800 quibus
749 1731 962 1801 negatis
1002 1731 1105 1783 sibi
1142 1730 1424 1783 hominum
1463 1730 1576 1782 uita
1617 1748 1731 1782 cru-

43 1803 224 1855 cietur.
301 1823 412 1856 non
452 1807 632 1857 autem
671 1823 734 1857 ea
772 1806 891 1857 uult
929 1805 1194 1873 intellegi,
1235 1823 1370 1872 quae
1410 1804 1477 1855 ad
1517 1803 1732 1856 delicias

44 1877 187 1929 uitae
225 1878 555 1947 pertineant,
595 1878 687 1930 sed
728 1897 863 1946 quae
904 1879 971 1930 ad
1009 1878 1324 1945 utilitatem,
1376 1880 1438 1929 ut
1477 1895 1611 1945 quae
1643 1877 1733 1928 fri-

48 1951 165 2019 gori
228 1953 321 2002 aut
382 1952 514 2002 fami
566 1953 903 2019 repellendae
954 1954 1008 2003 et
1062 1951 1411 2003 commodiori
1464 1950 1734 2005 mansioni
1758 1960 1800 1993 25

44 2026 169 2075 sunt
194 2025 495 2076 necessaria
520 2025 728 2092 aliaque
755 2025 963 2076 similia.
1066 2025 1133 2075 76
1160 2042 1239 2075 an
1261 2024 1537 2092 uigilare
1563 2026 1733 2075 metu

42 2097 390 2149 exanimem
421 2101 772 2166 noctesque
799 2099 1075 2166 diesque.
1114 2097 1216 2148 hoc
1235 2097 1436 2148 scilicet
1452 2097 1734 2165 patiuntur

45 2170 238 2223 diuites
279 2171 442 2223 auari.
574 2172 641 2224 78
705 2171 929 2224 horum
984 2188 1231 2238 semper
1286 2188 1400 2239 ego
1457 2171 1733 2239 optarim

40 2245 486 2312 pauperrimus
559 2263 696 2297 esse
766 2246 1092 2298 bonorum.
1199 2243 1421 2313 pulcher
1460 2248 1513 2296 et
1552 2244 1733 2314 grauis

161 2395 186 2432 2
220 2390 313 2433 Ine.
348 2390 454 2434 xm
485 2390 657 2446 (Vahl.)

162 2556 183 2594 1
203 2553 255 2595 ut
273 2553 335 2595 M
394 2557 419 2596 6
438 2553 610 2597 habeat
626 2553 876 2597 Fabricius
938 2558 963 2596 8
978 2552 1152 2608 plaudo
1170 2565 1274 2596 nos:
1291 2552 1431 2608 paulo
1448 2552 1509 2595 M
1537 2552 1729 2595 ductum

46 2610 315 2655 Ascensius:
346 2613 556 2655 iunctum
589 2612 651 2655 M
771 2618 826 2656 10
858 2612 1058 2668 populus
1089 2613 1144 2664 (s.
1177 2612 1227 2666 l.)
1259 2611 1547 2654 exh1bilabat
1581 2610 1643 2653 M

45 2674 96 2713 11
130 2669 290 2714 labrus
323 2702 333 2713 .
369 2704 378 2713 .
409 2670 635 2727 fugientie
670 2672 731 2714 M
859 2676 912 2714 12
959 2684 1077 2726 pene
1112 2671 1175 2713 M
1294 2675 1349 2713 14
1398 2670 1565 2723 sitiatl,
1614 2670 1653 2712 ti
1684 2668 1736 2711 in

48 2741 179 2781 corr„
214 2729 277 2772 M
392 2729 609 2785 posident
641 2730 704 2773 M
825 2734 877 2773 15
911 2730 1131 2773 uenustas
1156 2742 1260 2773 nos:
1292 2731 1485 2773 uenesta
1516 2728 1563 2782 (v
1592 2740 1736 2782 supra

47 2800 72 2830 e
102 2789 180 2843 se.)
215 2787 279 2831 M
398 2793 450 2830 17
485 2801 693 2845 congeris
727 2789 790 2833 M
909 2794 961 2832 18
996 2801 1282 2844 quamquam
1317 2787 1379 2830 M
1509 2791 1563 2829 21
1598 2787 1648 2828 at
1679 2785 1737 2829 de

48 2846 111 2889 M
228 2851 283 2890 22
318 2847 491 2890 cru&ur
524 2847 587 2890 M
735 2852 792 2891 24
823 2847 1039 2892 ulitatem
1071 2848 1173 2903 atq3
1210 2847 1273 2890 M
1419 2849 1474 2889 25
1522 2845 1644 2889 fame
1679 2844 1742 2888 M

163 2910 218 2949 27
262 2919 505 2950 exammen
538 2907 600 2949 M
738 2907 979 2962 patiantur
1012 2907 1074 2949 M
1214 2910 1269 2949 28
1317 2905 1533 2948 obtarum
1562 2917 1737 2961 paupe-

44 2978 188 3008 rimus
223 2965 286 3008 M
1125 2975 1129 2979 ·
