1939 3197
656 92 777 136 ODE
810 93 844 147 Ι,
877 97 931 135 37
966 94 1014 136 et
1045 97 1115 136 38.
1659 90 1732 142 45

159 231 230 282 26
270 229 463 281 fortis
503 231 563 280 et
603 245 862 295 asperas
901 230 1185 279 tractare
1227 229 1575 294 serpentes.
1629 226 1731 278 hoc

47 304 166 356 ideo
200 302 407 370 dicitur,
440 301 564 370 quia
598 303 899 368 serpentem
934 301 1036 352 sibi
1068 300 1336 369 obposuit,
1371 300 1520 352 cuius
1552 317 1734 352 morsu

46 377 200 444 perit.
314 375 382 426 29
424 375 784 426 deliberata
823 377 1024 426 morte
1063 374 1344 426 ferocior
1384 392 1422 425 S.
1461 372 1519 425 L.
1575 373 1733 425 deli-

50 450 274 501 berata
313 451 494 500 utrum
532 466 629 516 pro
671 448 908 516 cogitata
946 448 1183 515 positum
1222 450 1325 515 est,
1366 465 1435 499 an
1473 465 1600 499 uero
1643 446 1733 498 ‘de

45 541 153 590 qua
202 522 440 590 plerique
493 521 791 573 deliberant
840 521 894 572 id
946 524 1027 572 est
1077 520 1370 589 dubitant'‚
1421 523 1484 573 ut
1523 521 1593 572 sit
1630 520 1733 573 hoc
1758 540 1777 571 5

45 598 366 665 perpetuum
398 595 675 664 epitheton
706 593 910 646 mortis.
969 595 1236 663 significat
1268 597 1447 646 autem
1478 595 1536 646 in
1566 595 1733 662 ipsius

45 669 237 721 mortis
277 668 671 738 significatione
711 668 1203 720 constantissimam
1240 668 1421 719 fuisse.
1525 668 1596 720 30
1634 667 1734 719 Li-

45 742 284 794 burnis,
345 742 572 794 Liburni
620 759 751 811 gens
799 741 1000 810 Illyrici
1049 741 1224 809 ferox,
1279 741 1346 792 ad
1397 741 1734 793 moriendum

45 816 401 884 paratissima.
516 816 588 867 30
628 815 881 867 scilicet
929 814 1230 867 inuidens
1280 815 1540 883 priuata
1597 814 1645 866 d.
1695 833 1734 866 s,

43 908 99 942 n.
137 889 189 941 h.
229 908 298 942 m.
335 893 374 941 t.
435 889 734 941 inuidens
776 889 976 941 scilicet
1015 887 1290 958 AugustO‚
1339 906 1408 940 ne
1448 888 1734 957 captiuitas
1761 908 1802 940 10

47 981 146 1015 sua
194 963 273 1015 illi
324 962 695 1032 gloriosiorem
747 962 1217 1030 honestioremque
1271 962 1604 1031 triumphum
1657 962 1735 1014 fa-

47 1040 191 1089 ceret
246 1039 455 1089 ornatu.
533 1055 661 1088 nam
716 1039 770 1088 et
824 1036 1006 1088 Titus
1061 1034 1285 1088 Liuius
1340 1035 1534 1104 refert,
1588 1036 1736 1088 illam

47 1128 169 1162 cum
208 1110 271 1162 de
311 1110 580 1162 industria
620 1111 687 1162 ab
712 1110 962 1180 Augusto
1002 1111 1061 1162 in
1100 1110 1415 1179 captiuitate
1454 1110 1736 1179 indulgen-

47 1184 156 1236 tius
202 1186 525 1236 tractaretur
570 1184 879 1236 idemtidem
927 1184 1099 1237 dicere
1148 1184 1363 1236 solitam
1399 1183 1587 1236 fuisse:
1653 1178 1736 1235 Οὐ

46 1254 495 1327 θριαμβεύσομαι
534 1258 588 1309 id
628 1260 710 1310 est
748 1276 861 1310 non
898 1257 1274 1326 triumphabor
1313 1257 1380 1309 ab
1421 1257 1541 1309 alio.
1761 1275 1802 1308 15

747 1416 866 1460 oDE
903 1422 940 1472 1,
975 1421 1045 1461 38.

196 1506 491 1559 Persicos
556 1507 658 1559 odi
719 1524 873 1575 puer
935 1510 1299 1576 apparatus
1388 1506 1456 1559 ad
1509 1525 1737 1575 puerum

48 1600 204 1634 suum
259 1581 322 1633 de
375 1581 647 1632 hilaritate
701 1580 939 1649 loquitur
998 1598 1206 1650 negans
1270 1580 1337 1632 ad
1398 1581 1737 1650 uoluptatem

48 1673 183 1724 opus
240 1673 354 1707 esse
407 1653 695 1723 magnifico
748 1657 1026 1722 apparatu.
1102 1654 1298 1707 Persae
1350 1657 1531 1706 autem
1581 1671 1736 1724 reges

49 1729 117 1781 ob
172 1728 365 1781 nimias
416 1728 633 1780 diuitias
684 1728 741 1779 in
791 1728 1270 1796 sumptuosissimis
1322 1728 1524 1781 deliciis
1578 1746 1738 1798 agere
1763 1749 1805 1779 20

48 1802 313 1855 dicuntur.
448 1803 483 1854 2
524 1802 873 1870 displicent
910 1820 1112 1854 nexae
1151 1802 1410 1871 philyra
1449 1820 1739 1855 coronae.

45 1876 149 1928 hoc
182 1879 284 1928 est:
311 1876 596 1943 displicent
626 1894 857 1929 coronae
883 1877 1160 1943 operosius
1183 1876 1374 1929 factae.
1489 1876 1521 1927 3
1555 1877 1739 1928 mitte

50 1950 286 2002 sectari
335 1968 481 2002 rosa
531 1968 650 2018 quo
700 1951 986 2002 locorum
1038 1968 1179 2002 sera
1216 1953 1514 2002 moretur.
1591 1953 1741 2002 uetat

48 2041 276 2090 puerum
326 2041 652 2092 magnopere
701 2042 853 2076 rosas
906 2024 1006 2075 sibi
1058 2042 1333 2092 quaerere,
1389 2041 1524 2091 quae
1565 2024 1741 2075 solent

47 2097 156 2148 iam
201 2097 491 2164 praeterito
538 2098 679 2149 ueris
726 2100 967 2164 tempore
1015 2115 1079 2149 ex
1115 2096 1484 2166 frigidioribus
1526 2096 1736 2149 adferri.
1762 2116 1804 2148 25

178 2170 213 2222 5
269 2170 548 2238 simplici
602 2173 806 2237 myrto
861 2170 1029 2222 nihil
1080 2170 1436 2223 adlabores.
1526 2188 1738 2223 sensus:

51 2243 188 2295 nihil
228 2243 508 2296 adlabores
547 2247 725 2312 myrto
766 2244 1057 2311 adplicare3
1098 2244 1324 2312 simplex
1356 2244 1500 2296 enim
1532 2247 1740 2313 myrtus

50 2317 281 2369 delectat
329 2335 428 2369 nec
477 2318 536 2369 in
584 2317 686 2370 hac
735 2335 792 2370 re
842 2318 968 2370 uolo
1021 2318 1236 2371 sedulus
1288 2318 1360 2370 sis
1411 2318 1465 2370 id
1506 2321 1587 2370 est
1627 2319 1740 2371 offi-

50 2391 242 2460 ciOSUS,
272 2394 333 2443 ut
363 2392 485 2459 plus
519 2409 680 2460 quam
713 2394 888 2461 myrto
923 2392 1209 2445 coroneris,
1273 2392 1403 2444 ordo
1429 2395 1512 2444 est
1535 2395 1740 2444 autem:

49 2464 187 2516 nihil
226 2482 367 2533 curo,
406 2465 461 2516 id
500 2468 597 2534 est,
633 2465 737 2519 hoc
775 2484 888 2519 non
927 2484 1070 2534 curo,
1109 2484 1170 2518 ac
1208 2484 1305 2533 per
1342 2465 1469 2518 hoc:
1508 2467 1651 2519 nolo.
1759 2486 1801 2516 30

54 2538 83 2589 7
125 2556 326 2606 neque
373 2557 465 2590 me
514 2539 628 2591 sub
679 2542 819 2591 arta
858 2540 990 2592 uite
1029 2539 1373 2592 bibentem.
1451 2543 1625 2591 artam
1664 2540 1740 2591 ui-

54 2614 166 2662 tem
205 2612 431 2678 spissam
470 2631 531 2665 ac
570 2631 666 2681 per
702 2613 806 2666 hoc
844 2613 1155 2667 umbrosam
1186 2614 1381 2681 accipe.
1484 2614 1513 2665 7
1554 2613 1740 2665 Plau-

51 2687 153 2736 tus
208 2685 266 2735 in
315 2683 654 2738 Uidularia
718 2690 955 2755 myrtum
1016 2690 1070 2740 et
1114 2687 1375 2740 feminino
1434 2704 1628 2755 genere
1688 2690 1742 2739 et

172 2880 197 2917 2
230 2875 450 2931 apposuit
481 2890 509 2930 ς
630 2882 656 2920 6
687 2891 801 2932 ipffls
835 2877 898 2919 M
1017 2882 1040 2920 7
1074 2877 1259 2934 lybyrni
1289 2877 1477 2932 lybyrm
1510 2876 1573 2919 M
1684 2881 1737 2919 13

53 2934 499 3036 captiggtadtglrpcglllt
533 2993 595 3036 M
612 2939 666 2978 21
699 2935 840 2991 filyra
872 2936 936 2978 M
1082 2942 1137 2980 22
1170 2936 1517 2980 hoc—coronae
1548 2948 1582 2979 s.
1616 2935 1646 2979 l.
1680 2935 1743 2978 M
