1939 3197
172 118 278 172 336
638 117 940 163 EPISTULA
970 118 1027 174 ΙΙ,
1061 122 1102 173 2,
1138 122 1385 163 115-139.

167 256 310 325 quod
349 255 409 307 fit
449 255 609 306 etiam
647 257 847 306 temere
895 252 1145 306 admissis
1191 253 1517 306 hominibus,
1618 254 1731 306 alii
1777 255 1856 307 in-

165 332 453 400 tellegunt:
496 347 616 381 cum
657 328 831 380 adhuc
871 327 899 355 ’¹‘
938 325 981 379 ²³².
1099 327 1204 379 115
1242 328 1478 396 populo
1518 328 1568 379 b.
1609 345 1650 380 0.
1722 329 1858 381 011131-

168 423 273 474 qua
314 407 367 456 et
407 404 649 456 obsoleta
688 403 836 454 senio
877 402 935 454 in
974 402 1415 455 consuetudinem
1455 402 1743 455 reuocabit.
1808 406 1862 456 et

167 482 349 531 utrum
390 477 609 546 ‘populo
651 475 955 529 obscurata'
1004 495 1074 545 an
1122 475 1341 544 epopulo
1388 475 1600 529 bonus'.
1755 477 1858 529 119

126 572 146 604 5
172 552 503 605 adsciscet
541 570 593 604 n.
670 553 853 603 utetur
903 550 1066 602 etiam
1105 551 1263 603 nouis
1303 551 1482 602 uerbis
1523 551 1586 602 de
1626 569 1728 603 usu
1767 569 1860 603 na-

171 627 458 680 scentibus
576 625 704 691 [121
747 625 970 677 beabit
1009 625 1078 690 d.]
1199 624 1302 676 123
1343 625 1556 677 tollet:
1599 628 1692 677 aut
1732 624 1862 677 ‘am-

169 700 402 770 putabit'
430 703 524 752 aut
549 699 789 752 ‘extollet
813 702 866 752 et
892 697 1142 752 ornabit'.
1254 699 1359 750 124
1397 699 1684 751 ludentis
1725 718 1863 768 spe-

172 776 329 828 ciem
385 775 579 827 dabit.
678 774 754 825 ita
813 771 921 844 [ne]
980 790 1196 826 carmen
1252 772 1471 843 efficiet,
1523 776 1585 825 ut
1632 773 1864 826 auditori

169 850 360 902 lusisse
407 868 519 902 non
567 849 839 900 laborasse
880 848 1147 916 uideatur,
1193 848 1270 899 ita
1308 850 1492 899 tamen
1528 848 1866 916 torquebitur

106 945 148 976 10
175 928 228 976 et
265 924 600 993 fatigabitur,
640 926 700 974 ut
739 923 1105 991 pantomimus
1147 922 1237 990 qui
1277 939 1421 973 nunc
1453 923 1486 987 ἦ·
1509 923 1656 974 totus
1684 920 1866 991 Satyri

140 1062 143 1064 ,
170 1017 315 1051 nunc
338 997 662 1066 Polyphemi
687 995 938 1065 Cyclopis
979 998 1205 1049 conatur
1243 995 1443 1047 imitari
1480 1014 1782 1064 personam.

175 1073 280 1125 126
320 1071 743 1143 praetulerim
785 1071 1080 1139 scriptor.
1156 1070 1389 1138 mallem,
1427 1070 1626 1139 inquit,
1667 1071 1864 1123 stultus

173 1165 309 1216 esse,
359 1149 420 1198 ut
466 1146 598 1197 meis
647 1145 973 1197 carminibus
1021 1144 1177 1196 malis
1225 1143 1539 1213 delectarer,
1587 1162 1748 1213 quam
1786 1145 1867 1196 in-

170 1220 477 1290 tellegendo
520 1219 960 1288 emendandoque
1001 1218 1240 1271 cruciari,
1396 1219 1498 1271 128
1546 1218 1673 1271 fuit
1709 1219 1869 1271 haut

108 1315 150 1347 15
173 1294 489 1365 ignobilis
537 1293 746 1363 Argis.
833 1296 1045 1346 uetuste
1093 1312 1213 1362 pro:
1262 1292 1498 1362 Argiuis.
1591 1296 1644 1345 et
1692 1293 1866 1346 facete

175 1370 335 1423 simul
376 1368 819 1421 adcommodatur
851 1368 1170 1437 exemplum,
1211 1386 1315 1436 quo
1351 1367 1667 1437 ostenditur,
1707 1386 1869 1436 quam

175 1445 246 1497 sit
285 1462 470 1497 secura
510 1443 795 1495 dementia.
951 1442 1054 1494 129
1090 1442 1195 1510 qui
1236 1460 1296 1494 se
1339 1442 1654 1494 credebat.
1730 1442 1868 1494 bene

175 1519 501 1586 credebat,
550 1536 663 1570 non
711 1517 855 1569 enim
902 1516 1166 1569 audiebat.
1253 1518 1306 1568 et
1349 1515 1574 1584 pulchre
1627 1516 1868 1568 additum

174 1593 393 1662 miros,
432 1596 492 1644 ut
531 1611 644 1645 non
682 1592 741 1643 in
781 1610 842 1644 eo
882 1594 1097 1643 tantum
1137 1609 1284 1643 error
1317 1593 1472 1660 esset,
1511 1591 1654 1659 quod
1686 1591 1869 1644 audire

109 1688 152 1720 20
177 1685 232 1720 se
281 1666 552 1736 credebat,
599 1666 692 1718 sed
741 1666 904 1717 etiam
952 1665 1095 1734 quod
1143 1664 1361 1717 ‘miros'.
1501 1664 1603 1717 131
1655 1667 1870 1718 cetera

177 1742 282 1810 qui
321 1742 494 1793 uitae
536 1742 828 1792 seruaret
866 1740 1093 1791 munia.
1171 1739 1274 1791 hoc
1300 1739 1443 1807 dicit,
1482 1739 1540 1790 in
1565 1739 1684 1791 aliis
1708 1740 1869 1792 rebus

175 1816 329 1868 illum
367 1833 479 1868 non
518 1815 682 1866 fuisse
724 1814 1040 1866 dementem.
1136 1813 1243 1865 132
1274 1813 1479 1864 bonus
1522 1832 1672 1865 sane
1712 1814 1870 1866 uici-

175 1908 308 1942 nus.
386 1889 667 1942 commoda
708 1887 985 1941 occasione
1024 1887 1290 1955 percurrit
1330 1886 1507 1939 officia
1538 1887 1669 1939 boni
1699 1888 1870 1956 patris

176 1964 427 2016 familias,
553 1963 658 2015 134
706 1965 766 2014 et
814 1962 998 2031 signo
1046 1962 1237 2014 laeso.
1327 1962 1554 2029 satyrice
1592 1964 1871 2030 tamquam

112 2057 154 2090 525
178 2038 282 2091 hoc
336 2037 493 2090 multi
547 2037 761 2089 faciant.
919 2036 1024 2088 135
1078 2038 1302 2104 posset
1364 2035 1469 2103 qui
1530 2053 1749 2104 rupem
1812 2039 1873 2088 et

177 2115 450 2181 puteum.
530 2111 774 2180 superius
816 2111 969 2179 quasi
1011 2129 1201 2162 sanum
1233 2109 1584 2178 describebat,
1621 2109 1710 2162 hic
1743 2127 1871 2180 ergo

180 2187 334 2255 quasi
372 2186 565 2238 leuiter
610 2186 874 2238 insanum.
1031 2185 1133 2236 137
1185 2184 1435 2252 expulit
1482 2184 1766 2236 elleboro
1809 2227 1820 2236 .
1861 2225 1871 2236 .

178 2279 453 2313 meraco:
502 2261 672 2313 multo
722 2262 775 2311 et
822 2277 1024 2328 crasso,
1071 2261 1261 2326 utpote
1309 2260 1497 2310 contra
1534 2260 1744 2310 tantam
1785 2258 1872 2310 de-

179 2336 451 2387 mentiam.
556 2335 658 2386 138
700 2333 869 2385 redit
909 2333 983 2384 ad
1023 2352 1108 2385 se:
1152 2351 1312 2385 sanus
1353 2332 1527 2384 factus
1569 2335 1663 2385 est.
1767 2332 1870 2385 138

112 2427 156 2459 30
179 2410 286 2478 pol
325 2427 416 2461 me
456 2408 796 2460 voccidistis
837 2407 1021 2459 amici
1062 2425 1189 2459 non
1231 2406 1544 2459 seruastis
1586 2406 1689 2458 ait.
1752 2406 1872 2459 ideo

182 2484 416 2536 securius
459 2485 541 2534 est
579 2483 814 2534 insanire
857 2500 1017 2550 quam
1059 2499 1258 2549 sapere.
1362 2480 1465 2532 139
1500 2480 1601 2532 0111
1640 2480 1730 2532 sic
1771 2498 1871 2532 ex·
1912 2541 1915 2544 p

302 2635 324 2672 1
360 2629 502 2673 etiam
533 2630 707 2672 temere
739 2642 842 2672 snos:
874 2642 984 2671 nam
1008 2627 1191 2671 demere
1211 2627 1273 2669 M
1377 2625 1459 2669 alii
1481 2639 1585 2670 rnos:
1609 2626 1713 2670 alus
1740 2626 1804 2669 M

182 2694 207 2733 3
241 2688 453 2733 absoleta
486 2688 550 2730 M
665 2687 907 2731 reuocauit
937 2691 978 2730 et
1009 2687 1227 2730 obscurat
1259 2685 1322 2728 M
1440 2690 1465 2729 5
1499 2686 1630 2730 nobis
1666 2685 1729 2728 M
1847 2691 1872 2731 6

183 2747 313 2792 tolht
345 2748 408 2790 M
527 2751 551 2790 7
586 2747 836 2791 extolletur
871 2747 933 2789 M
1050 2745 1281 2789 laudentls
1316 2745 1379 2788 M
1497 2750 1522 2789 8
1555 2746 1629 2788 ut:
1663 2745 1701 2789 &
1734 2744 1797 2788 M

190 2812 243 2851 10
275 2808 418 2863 panto
457 2821 609 2849 minus
653 2806 716 2848 M
832 2807 1013 2849 motus?
1138 2810 1190 2848 11
1234 2804 1462 2861 polysemi
1496 2805 1559 2847 M
1678 2809 1730 2847 13
1763 2805 1882 2848 haec·

185 2879 291 2910 mos:
333 2866 591 2910 delectarer
627 2864 826 2921 legendo
866 2864 1207 2920 cruc1andoque
1247 2877 1473 2907 cruciarer
1515 2864 1578 2906 M
1696 2868 1751 2907 14
1793 2865 1876 2906 aut

189 2925 253 2967 M
357 2930 410 2969 15
442 2925 595 2982 Argus
630 2962 638 2970 .
674 2961 682 2969 .
716 2924 946 2980 Argiuus?
1056 2928 1112 2968 20
1145 2937 1216 2967 se:
1250 2938 1270 2966 s
1304 2923 1367 2966 M
1470 2928 1523 2967 21
1557 2924 1658 2966 uita
1689 2935 1873 2966 seruare

186 2984 249 3026 M
373 2984 501 3028 d1cat
533 2985 596 3027 M
713 2988 767 3027 23
802 2996 983 3027 0000010
1017 2983 1079 3025 M
1197 2987 1250 3026 27
1286 2981 1470 3027 extulht
1504 2982 1567 3025 M
1683 2986 1739 3026 30
1769 2980 1874 3025 ideo

185 3055 291 3086 nos:
322 3043 439 3087 adeo
475 3044 538 3086 M
656 3048 709 3087 31
745 3040 838 3086 cui:
872 3042 996 3097 quod
1030 3042 1093 3085 M
