1939 3197
181 77 284 129 132
870 75 988 120 ODE
1022 76 1100 131 IV,
1136 81 1173 119 7.

328 214 360 266 3
417 217 478 265 et
532 211 978 265 decrescentia
1032 211 1209 280 ripas
1255 209 1531 262 flumina
1576 212 1867 279 praeter-

179 290 331 341 eunt
393 287 447 340 id
503 291 605 339 est:
656 290 869 355 praeter
915 285 1060 353 ripas
1110 303 1232 337 suas
1283 288 1410 337 eunt
1448 284 1685 354 flumina,
1725 285 1867 354 quod
1932 295 1939 317 <³

178 362 448 434 significat
492 362 638 429 ripas
689 379 811 413 suas
858 377 970 412 non
1016 359 1267 412 excedere
1323 358 1415 411 sed
1462 358 1605 411 intra
1654 359 1868 412 alueum
1924 361 1932 383 ²

175 438 306 491 labi.
412 435 445 488 5
487 435 678 487 audet
717 435 945 487 ducere
984 433 1151 486 nuda
1190 433 1438 486 choros.
1514 433 1707 503 nuda,
1743 435 1867 503 quia
1920 445 1929 495 j

133 514 285 566 5iam
324 510 531 579 frigora
564 511 777 562 exclusa
810 511 949 562 sunt.
1051 509 1078 560 7
1113 508 1494 560 inmortalia
1531 526 1606 559 ne
1648 526 1867 575 speres

177 587 393 640 monet
441 602 643 636 annus
700 583 754 635 id
809 586 912 636 est:
952 600 1019 634 ne
1061 582 1187 651 quid
1225 585 1381 650 putes
1421 582 1710 634 inmortale
1752 600 1868 635 esse
1921 640 1924 645 ,

179 665 337 730 atque
377 661 710 728 perpetuum,
748 658 952 727 respice
994 657 1121 708 anni
1148 660 1411 726 tempora,
1451 674 1678 725 quorum
1702 674 1868 708 unum
1920 691 1925 706 .-

179 734 426 806 quodque
483 733 724 785 celeriter
779 732 1024 785 occidens
1073 731 1164 783 alii
1211 731 1366 783 cedit.
1521 732 1588 784 13
1643 730 1870 783 damna
1923 760 1928 767 =

177 813 392 863 tamen
431 808 676 860 celeres
715 808 1028 876 reparant
1083 805 1401 858 caelestia
1446 806 1649 858 lunae.
1749 823 1870 857 cum
1923 847 1926 850 .

112 907 155 940 ιο
180 883 540 938 conditionem
579 881 925 935 mortalitatis
963 882 1181 932 nostrae
1217 880 1551 947 temporibus
1578 876 1704 932 anni
1728 898 1870 932 com-
1920 879 1922 916 ἶ

176 959 437 1029 parasset,
475 974 541 1008 nc
580 956 889 1008 uiderentur
930 957 982 1006 et
1020 954 1265 1006 homines
1290 955 1499 1007 renasci
1524 958 1586 1007 ut
1609 957 1869 1022 tempora,
1916 991 1920 1011 2

176 1033 386 1087 intulit:
448 1048 556 1083 nos
609 1031 710 1083 ubi
764 1030 1102 1082 decidimus
1158 1033 1205 1081 et
1255 1029 1468 1096 reliqua.
1625 1029 1692 1081 15
1750 1047 1871 1097 quo
1916 1027 1922 1067 ,³

177 1109 325 1178 pius
364 1106 640 1173 Aeneas,
711 1123 830 1173 quo
872 1104 1101 1155 Tullus
1142 1103 1319 1155 diues
1360 1106 1422 1155 et
1460 1103 1692 1156 Ancus‘
1768 1103 1872 1156 hoc
1919 1156 1924 1162 ,

177 1183 297 1236 ideo
339 1179 483 1249 dicit7
522 1182 583 1230 ut
622 1178 874 1231 ostendat
913 1177 1275 1230 conditionem
1313 1178 1661 1230 mortalitatis
1703 1178 1872 1230 omni·
1920 1200 1927 1248 3

114 1277 156 1310 15
177 1257 280 1309 bus
317 1254 628 1308 hominibus
670 1270 1008 1306 communem
1049 1270 1179 1304 esse.
1330 1253 1394 1304 17
1447 1253 1588 1321 quis
1630 1252 1753 1304 scit
1793 1271 1875 1304 an
1919 1249 1927 1281 >²

182 1331 470 1385 adiciant
515 1327 871 1381 hodiernae
921 1326 1214 1378 crastina
1263 1344 1540 1379 summae
1579 1330 1875 1395 tempora
1922 1339 1935 1361 ²

181 1405 240 1458 di
283 1403 513 1473 superi.
578 1402 710 1471 quis7
749 1401 940 1471 inquit,
981 1401 1082 1453 scit
1121 1419 1189 1452 an
1225 1399 1293 1452 ad
1317 1420 1581 1453 summam
1607 1419 1874 1454 annorum

180 1481 348 1549 uitae,
404 1496 564 1547 quam
614 1476 933 1529 hodiernum
986 1494 1154 1545 usque
1207 1475 1388 1545 egisti,
1444 1476 1708 1528 crastinus
1761 1475 1873 1529 dies

182 1554 527 1622 adiungatur:
569 1550 623 1602 id
662 1554 766 1603 est:
808 1550 927 1619 quis
969 1550 1068 1602 scit
1109 1568 1179 1601 an
1219 1568 1334 1602 cras
1359 1550 1600 1603 uicturus
1626 1551 1713 1618 siS,
1753 1568 1875 1602 cum

116 1650 159 1683 20
180 1628 337 1682 facile
363 1629 417 1679 et
442 1643 772 1695 quacumque
806 1624 942 1677 hora
973 1625 1148 1693 possis
1190 1623 1466 1676 occidere?
1548 1625 1613 1678 19
1641 1628 1876 1677 cuncta

181 1720 404 1756 manus
460 1700 683 1752 auidas
738 1699 996 1769 fugient
1049 1698 1306 1751 heredis
1370 1700 1601 1768 amic07
1683 1698 1739 1751 id
1793 1701 1877 1752 est

181 1777 335 1831 illud:
375 1779 529 1828 tuum
569 1775 670 1827 erit
706 1776 946 1842 tantum,
987 1774 1129 1842 quod
1155 1772 1280 1824 dum
1304 1773 1442 1826 uiuis
1467 1774 1673 1827 fructus
1697 1773 1878 1826 fueris

334 1851 402 1903 21
461 1852 521 1901 et
576 1849 646 1901 de
701 1851 761 1901 te
818 1847 1159 1917 splendida
1212 1846 1424 1900 Minos
1485 1849 1726 1901 fecerit
1781 1866 1876 1900 ar-

183 1926 400 1979 bitria.
477 1942 587 1976 non
633 1923 763 1976 dicit
819 1922 959 1975 ‘cum
1014 1925 1067 1974 te
1124 1922 1463 1990 splendidum
1520 1926 1877 1991 ornatumque
1922 1910 1939 1981 J¹

118 2019 161 2057 25
183 2001 373 2054 fecerit
417 1998 599 2051 Minos
646 1998 845 2050 iudicio
896 1995 1011 2049 suo'
1062 1997 1154 2049 sed
1203 1995 1344 2048 ecum
1391 1996 1454 2048 de
1504 2000 1557 2048 te
1600 1996 1874 2066 splendide
1917 1998 1939 2051 ,’

187 2094 248 2128 ac
289 2075 449 2143 digne
499 2072 817 2126 iudicauerit
854 2070 1070 2124 Minos'.
1170 2072 1247 2124 ita
1289 2070 1591 2139 esplendida
1631 2070 1875 2123 arbitria'

188 2149 254 2202 ad
293 2147 493 2201 Minois
543 2146 772 2216 gloriam
818 2145 1092 2215 pertinent
1138 2145 1432 2198 iudicantis
1445 2188 1458 2215 7
1496 2164 1608 2199 non
1649 2145 1716 2197 ad
1756 2163 1878 2198 eum

189 2223 252 2275 de
293 2241 397 2291 quo
438 2221 654 2273 iudicat.
806 2220 877 2273 25
924 2219 1204 2273 infernis
1244 2238 1448 2289 neque
1490 2220 1654 2272 enim
1693 2222 1881 2272 tene-

187 2296 322 2350 bris
362 2296 572 2348 Diana
610 2294 913 2363 pudicum
952 2295 1193 2348 liberat
1227 2294 1666 2363 Hippolytum.
1730 2294 1880 2363 atqui
1922 2326 1925 2328 ,

123 2392 166 2426 30
188 2370 524 2439 Uergilius
567 2369 644 2421 ait
668 2369 1029 2439 Hippolytum
1060 2369 1262 2422 redisse
1304 2370 1370 2421 ad
1411 2386 1568 2420 auras
1608 2367 1878 2420 aetherias

310 2537 337 2575 4
376 2531 476 2574 laur
516 2531 578 2574 M
730 2536 752 2574 7
793 2544 991 2587 quorum
1030 2544 1151 2575 nunc
1191 2544 1376 2587 quuque
1412 2531 1480 2585 (in
1512 2529 1729 2586 quodque
1761 2542 1876 2573 corr.
1922 2576 1924 2578 ,

189 2605 247 2635 m.
279 2593 340 2648 1.)
390 2591 453 2633 M
587 2595 641 2634 10
688 2590 1080 2634 mortalitahtatls
1131 2591 1194 2633 M
1342 2595 1395 2633 12
1444 2591 1552 2634 haec
1599 2589 1763 2633 addidi

193 2655 248 2694 15
281 2665 363 2707 qul
389 2649 452 2692 M
534 2654 587 2694 16
621 2649 831 2693 adiciunt
865 2651 910 2703 (a
933 2663 1032 2706 sup.
1067 2650 1147 2693 lin.
1180 2664 1236 2693 m.
1268 2651 1329 2706 1.)
1358 2650 1420 2693 M
1503 2654 1554 2693 17
1590 2648 1656 2692 du
1682 2647 1745 2690 M
1829 2652 1882 2691 18

192 2711 416 2754 crastinas
450 2709 498 2764 (u
528 2721 561 2752 s.
596 2709 625 2751 Z.
657 2722 713 2751 m.
746 2710 807 2764 1.)
843 2710 906 2752 M
1045 2713 1097 2753 19
1132 2724 1212 2765 qui
1245 2710 1308 2753 M
1455 2721 1554 2752 cras
1596 2723 1624 2763 ς
1656 2706 1921 2763 (Bamb.):1

191 2770 322 2812 trans
356 2769 419 2811 M
566 2772 622 2812 20
660 2769 810 2824 poss1t
850 2768 1060 2812 accidere
1095 2769 1158 2812 M
1305 2773 1359 2811 21
1393 2767 1442 2811 id
1476 2769 1566 2811 est:
1599 2766 1718 2810 illud
1747 2766 1882 2809 tuum
1916 2766 1920 2768 ’

193 2832 270 2872 etc.
306 2842 334 2882 ς
371 2827 502 2871 nobis
540 2827 739 2871 alicuius
785 2828 1008 2871 sententia
1054 2828 1243 2872 laudari
1288 2828 1473 2871 uidetur
1594 2830 1648 2869 23
1689 2824 1885 2869 arbitria
1907 2838 1923 2864 π·

193 2900 333 2942 usque
373 2889 434 2930 ad
474 2886 665 2930 alterum
702 2885 867 2930 fecerit
905 2901 960 2930 m.
1001 2891 1042 2930 1.
1075 2888 1127 2930 in
1158 2901 1333 2930 summa
1359 2887 1542 2943 pagina
1570 2884 1803 2941 suppleuit
1831 2879 1923 2937 ini

198 2946 261 2989 M
393 2950 449 2989 24
482 2958 608 2989 cum:
642 2945 752 2989 dum
786 2946 849 2989 M
989 2950 1044 2989 25
1076 2946 1246 2990 inditio
1280 2947 1343 2990 M
1483 2950 1538 2989 26
1572 2944 1793 2989 arbntna
1825 2942 1939 2987 M

316 3007 371 3047 29
403 3004 554 3048 libera.
587 3005 650 3048 M
767 3010 822 3049 30
855 3005 1154 3061 hyppolitum
1188 3005 1251 3049 M
