1939 3197
619 109 819 154 SERMO
853 110 886 164 Ι,
922 116 990 165 10,
1023 115 1183 154 3—14.
1632 110 1738 162 237

55 246 248 300 Lucilii
296 264 482 298 uersus
530 245 875 314 dampnasset
913 245 971 297 in
1010 263 1072 297 ea
1124 249 1328 314 satura,
1375 264 1536 315 quam
1583 264 1743 314 supra

55 321 268 388 habuit,
324 337 458 388 quae
506 320 581 371 sic
627 319 817 387 incipit
870 318 1138 387 Eupolis
1195 323 1344 389 atqu
1359 339 1400 392 e4
1439 319 1741 372 Cratinus

58 394 659 462 Aristophanesque
698 396 942 462 poetae.
1004 412 1132 446 nam
1171 395 1379 448 dixerat
1417 394 1494 447 ibi
1532 393 1742 447 Durus

56 485 442 537 componere
481 485 726 535 uersus3
765 485 909 519 nani
947 467 1074 520 fuit
1105 468 1223 521 hoc
1254 469 1548 522 uitiosus.
1601 486 1744 521 1111110

42 545 240 595 'autem
287 541 416 594 dicit
469 559 581 594 non
638 560 693 593 se
747 544 967 609 poetam
1019 542 1356 611 inprobasse,
1412 543 1504 595 sed
1557 559 1745 594 uersus
1771 556 1791 589 5

60 617 172 669 eius
220 634 353 685 quos
401 634 512 668 non
560 634 655 668 suo
703 615 836 668 uitio
889 615 1049 668 duros
1092 616 1183 668 sed
1224 616 1420 669 saeculi
1457 616 1599 668 fecit.
1714 617 1746 669 3

59 693 123 742 at
146 690 310 742 idem
343 690 510 758 quod
544 690 673 742 sale
706 690 905 742 multo
938 690 1157 742 urbem
1189 690 1494 743 defricuit
1525 690 1748 742 charta

57 763 377 816 laudatur.
472 765 638 816 salem
684 782 781 832 pro
831 763 1136 815 urbanitate
1184 765 1379 832 posuit.
1473 764 1564 816 sed
1612 765 1747 816 sales

60 839 120 890 in
157 838 258 890 hac
298 837 690 907 significatione
731 836 1009 906 pluraliter
1050 838 1224 890 solent
1262 838 1367 890 dici
1405 856 1593 890 uerum
1625 839 1749 906 quia

58 912 371 964 defricuit
411 911 649 964 dicturus
682 914 811 979 erat,
849 928 1065 963 necesse
1105 911 1294 963 habuit
1326 912 1480 981 quasi
1518 911 1582 964 de
1621 930 1749 965 uero
1777 934 1817 966 10

59 986 208 1055 loqui
256 988 310 1037 et
356 985 474 1038 ideo
524 985 787 1055 singulari
831 1003 1054 1038 numero
1103 985 1250 1037 dixit.
1336 987 1531 1038 scimus
1572 989 1751 1039 autem

55 1060 323 1112 Lucilium
349 1060 567 1112 urbanis
604 1060 804 1112 salibus
844 1060 1041 1112 multos
1066 1059 1436 1112 Romanorum
1475 1061 1751 1129 carpsisse.

210 1135 242 1186 ἴ)
296 1152 436 1186 110111
493 1134 582 1186 310
629 1137 689 1185 01
737 1132 968 1185 Laberi
1015 1134 1250 1186 mimos,
1328 1135 1518 1186 Laberi
1570 1135 1752 1188 oie-imos

59 1213 226 1278 negat
279 1225 605 1278 magnopere
660 1207 933 1260 mirandos
998 1225 1137 1276 esse,
1199 1209 1444 1277 quamuis
1506 1209 1636 1261 iocis
1699 1212 1752 1261 et

56 1282 415 1335 amaritudine
465 1281 800 1334 abundantes
850 1282 981 1350 sint,
1025 1300 1082 1334 re
1129 1299 1259 1334 uera
1304 1282 1534 1335 humiles
1590 1286 1643 1335 et
1693 1283 1751 1335 in
1776 1303 1817 1336 15

60 1357 240 1409 uerbis
281 1359 334 1408 et
372 1357 429 1408 in
470 1355 907 1424 conceptionibus
947 1360 995 1408 et
1039 1357 1096 1408 in·
1142 1357 1381 1408 materia.
1520 1358 1548 1409 7
1600 1374 1750 1426 ergo

57 1449 186 1483 non
241 1431 402 1483 satis
459 1434 554 1483 est
600 1431 736 1483 risu
784 1430 1086 1482 diducere
1133 1431 1364 1483 rictum
1421 1431 1752 1483 auditoris,

63 1523 175 1558 non
201 1505 329 1557 satis
356 1508 451 1574 031,
489 1505 679 1574 inquit,
718 1507 934 1556 tantum
973 1504 1130 1556 niodo
1162 1504 1325 1574 loqui,
1364 1508 1424 1557 ut
1452 1505 1544 1574 qui
1569 1505 1753 1557 audiat

60 1579 254 1648 rideat,
304 1580 549 1648 quamuis
596 1597 710 1631 non
755 1578 1066 1648 negauerim
1114 1596 1228 1631 esse
1284 1582 1338 1631 et
1383 1579 1442 1631 in
1487 1579 1590 1632 hoc
1640 1597 1752 1632 non

59 1654 265 1705 nullam
288 1654 559 1705 uirtutem.
651 1653 683 1705 9
725 1656 823 1704 est
862 1652 1187 1705 breuitate
1229 1671 1385 1722 opus
1426 1655 1494 1706 ut
1534 1657 1750 1705 currat
1774 1676 1818 1708 20

63 1728 388 1780 sententia
427 1745 548 1779 neu
587 1745 663 1780 se.
740 1726 1004 1779 breuitate
1046 1727 1305 1779 orationis
1345 1727 1606 1780 utendum
1636 1746 1752 1780 esse

63 1802 154 1871 ait,
191 1805 252 1854 ut
291 1802 397 1854 cito
447 1801 715 1855 sententia
760 1801 1002 1870 finiatur,
1046 1819 1114 1852 ne
1163 1801 1488 1871 defatigetur
1529 1801 1752 1854 auditor.

63 1876 398 1946 eloquentiae
426 1875 569 1928 enim
593 1877 767 1928 uirtus
791 1894 904 1929 non
935 1877 1150 1927 tantum
1180 1876 1239 1928 in
1263 1894 1325 1928 eo
1365 1879 1461 1945 est,
1499 1878 1561 1928 ut
1582 1895 1753 1944 pauca

61 1951 290 2019 copiose,
332 1950 424 2002 sed
463 1951 625 2002 etiam
664 1952 725 2001 ut
762 1950 999 2002 breuiter
1037 1950 1209 2001 multa
1244 1949 1505 2001 dicantur.
1583 1950 1658 2002 sic
1698 1955 1752 2002 et

64 2024 278 2076 Marcus
327 2022 461 2076 Cato
508 2026 542 2090 ’1-
589 2022 875 2075 Sallustius
922 2023 1172 2083 laudatur
1217 2024 1401 2091 paucis
1442 2023 1751 2076 absoluisse.
1776 2046 1818 2078 25

216 2098 282 2151 13
323 2097 646 2150 interdum
686 2097 916 2149 urbani
966 2098 1296 2164 parcentis
1346 2097 1619 2150 uiribus:
1662 2099 1752 2166 qui

66 2172 265 2241 alioqui
312 2172 484 2241 parcit
530 2172 735 2224 uiribus
774 2171 829 2223 id
869 2174 950 2223 est
986 2171 1232 2224 laborare
1272 2189 1385 2224 non
1422 2171 1540 2223 uult
1579 2175 1753 2241 atque,

57 2247 227 2298 etiam
268 2246 312 2298 si
345 2246 471 2315 quid
502 2246 710 2299 roboris
746 2246 804 2297 in
829 2262 1050 2314 corpore
1073 2245 1253 2314 habet,
1290 2246 1408 2298 uult
1434 2245 1560 2298 data
1592 2264 1752 2315 opera

64 2320 323 2373 delicatus
371 2320 555 2373 uideri.
710 2320 778 2372 14
831 2319 1173 2372 ridiculum
1221 2320 1354 2372 acri
1399 2320 1638 2373 fortius
1694 2324 1754 2372 et

65 2395 292 2447 melius
339 2412 599 2465 magnas
651 2395 1025 2463 plerumque
1066 2398 1240 2447 secat
1279 2412 1393 2447 res.
1469 2394 1752 2461 interdum,
1777 2416 1819 2448 30

66 2468 262 2539 inquit,
309 2470 396 2521 uel
435 2472 659 2521 uenuste
700 2468 873 2538 magis
914 2468 1162 2521 mordent
1201 2469 1366 2538 dicta,
1418 2487 1579 2538 quam
1619 2487 1753 2539 quae

190 2620 211 2658 1
247 2617 404 2672 satyra
430 2615 491 2658 M
609 2621 634 2659 2
660 2617 886 2671 gratinus.
921 2615 1196 2660 aristofanes
1231 2616 1294 2658 M
1404 2620 1429 2659 3
1464 2615 1602 2659 duros
1636 2616 1698 2658 M

68 2680 96 2718 4
127 2679 340 2718 uitiosius
373 2675 436 2717 Μ
553 2678 578 2718 7
612 2675 757 2718 salem
791 2711 800 2719 .
837 2710 845 2717 .
879 2675 1007 2718 carta
1041 2675 1102 2717 Μ
1205 2680 1231 2719 8
1256 2675 1520 2718 urbanitete
1556 2675 1618 2717 M
1727 2679 1752 2718 9

66 2733 316 2790 pruraliter
342 2734 404 2777 M
510 2739 563 2778 10
587 2734 722 2778 habit
749 2734 811 2777 M
914 2734 1048 2789 quasi
1079 2735 1136 2779 de
1168 2748 1278 2778 uero
1309 2747 1413 2778 ⁹205.-
1445 2733 1754 2789 quafideueno

70 2793 134 2836 Μ
282 2798 336 2836 12
375 2793 649 2837 lucilianum
683 2794 744 2836 M
895 2798 948 2836 13
982 2793 1151 2838 Laberi
1181 2793 1346 2838 mimos
1389 2793 1573 2847 addidi,
1611 2793 1756 2849 negat

67 2851 238 2896 Lucilii
267 2866 427 2896 uersus
460 2867 488 2908 ς
596 2856 650 2896 15
680 2851 1007 2896 habundantes
1041 2853 1104 2897 M
1209 2858 1263 2896 16
1295 2852 1755 2908 conceptionionibus

71 2912 136 2954 Μ
277 2917 330 2956 17
364 2911 597 2956 auditores
631 2912 694 2955 M
835 2916 889 2955 18
923 2926 1016 2968 qua
1049 2913 1112 2956 M
1260 2916 1315 2956 25
1348 2924 1375 2954 a
1408 2910 1626 2955 Sallustio
1658 2912 1752 2956 cod.

70 2971 312 3028 Bambery.
345 2971 401 3025 cf.
435 2971 574 3014 Kritz
604 2972 727 3028 fray.
761 2971 873 3015 Sall.
908 2972 956 3025 I,
988 2976 1034 3016 2.
1060 2989 1071 3015 e
1098 2972 1145 3016 et
1170 2969 1419 3015 Sallustius
1449 2970 1701 3015 laudantur
1726 2985 1754 3026 ς

189 3029 407 3085 <11111110>
438 3031 596 3087 paucis
629 3046 657 3086 ς
779 3036 833 3075 28
868 3045 971 3087 (11113
1006 3031 1068 3074 M
