1939 3197
145 68 252 120 194
705 65 908 110 SERMO
941 66 977 121 Ι,
1011 70 1050 119 2,
1085 68 1273 108 50—64.
1816 34 1821 37 ’
1886 0 1939 165 ἶ

127 203 263 275 ‘quis
289 204 520 273 adpetat,
557 205 617 254 ut
643 199 929 253 Sallustius
957 198 1194 269 CrispUS,
1226 200 1284 252 in
1310 200 1532 252 eandem
1555 199 1835 252 infamiam
1927 193 1939 246 51

144 282 518 347 corruptoium
557 295 768 328 morum
806 275 1054 327 incidere.
1150 274 1221 326 50
1263 293 1510 344 quaque
1549 274 1836 327 modeste

144 353 450 406 munifico
499 369 634 402 esse
682 350 837 402 licet
883 349 984 401 hoc
1040 352 1143 401 est:
1197 351 1459 418 quantum
1507 348 1836 417 permittitur

145 429 294 480 saluo
335 425 629 479 modestiae
667 426 1093 492 temperamento
1126 424 1326 493 largiri.
1419 424 1489 476 55
1529 427 1598 475 ut
1638 441 1837 492 quon-

100 503 282 554 5dam
328 500 660 552 Marsaeus
708 501 955 550 amator
1003 497 1293 567 Originis
1344 498 1453 549 ille
1496 540 1505 549 .
1547 540 1558 549 .
1598 499 1836 549 mima-e..

144 578 309 629 mima
357 574 619 644 quaedam
664 574 881 625 nomine
923 571 1087 642 Origo
1139 572 1242 623 fuit
1280 572 1450 623 isdem
1488 571 1837 639 temporibus,

143 652 201 703 in
242 669 403 719 quam
441 648 718 700 Marsaeus
766 647 1150 715 patrimonium
1199 665 1354 698 suum
1392 645 1650 715 inpendit.
1765 645 1836 697 58
1936 692 1939 703 -.

142 725 305 777 unde
345 724 515 776 fama
546 723 776 774 malum
809 721 1074 791 grauius
1109 739 1296 790 quam
1327 739 1430 773 res
1463 720 1682 773 trahit.
1736 719 1839 771 hoc
1924 732 1939 752 ⁴²

145 818 208 852 ex
262 816 493 867 persona
548 815 645 849 sua
698 795 958 848 Horatius
1015 796 1170 863 dixit,
1232 796 1475 864 intellegi
1531 795 1719 847 uolens
1774 811 1840 845 ex

79 896 120 926 10
144 874 311 926 nimio
366 873 652 924 mimarum
708 889 888 923 amore
942 871 1125 922 uexari
1181 870 1394 939 quidem
1447 888 1688 937 censum,
1744 867 1838 920 sed

145 949 314 1000 multo
356 947 606 1016 grauiora
646 945 842 997 damna
880 945 1055 997 famae
1097 945 1346 997 accidere.
1483 944 1552 996 59
1595 962 1676 995 an
1715 942 1839 994 tibi

147 1022 398 1074 abunde
437 1039 775 1089 personam
816 1020 976 1071 satis
1018 1022 1115 1071 est
1153 1037 1282 1071 non
1322 1019 1486 1070 illud
1527 1016 1838 1086 quidquid

145 1097 380 1165 ubique
429 1094 646 1147 officit
700 1094 959 1146 euitare.
1061 1094 1135 1146 bis
1183 1092 1422 1145 ‘euitare’
1464 1093 1665 1160 accipe,
1714 1091 1841 1160 quia

147 1173 222 1224 sic
276 1171 496 1239 plenum
550 1169 631 1220 fit:
688 1187 758 1220 011
810 1169 910 1220 tibi
966 1168 1176 1219 abunde
1230 1185 1517 1236 personam
1574 1166 1705 1219 satis
1758 1168 1840 1217 est

80 1265 120 1298 15
146 1246 361 1313 euitare,
385 1262 496 1296 non
534 1243 666 1295 illud
692 1243 949 1312 quidquid
990 1242 1157 1294 officit
1192 1242 1430 1294 euitare?
1474 1242 1549 1293 ait
1571 1259 1683 1293 non
1708 1240 1838 1292 satis

146 1338 260 1372 esse
300 1336 589 1388 personam
628 1320 907 1370 matronae
947 1316 1163 1384 euitare,
1202 1316 1308 1368 nisi
1347 1317 1509 1368 etiam
1533 1315 1665 1367 illud
1691 1313 1838 1383 quid-

148 1395 274 1464 quid
328 1395 487 1446 nocet
538 1395 699 1462 atque
755 1392 921 1444 officit
976 1392 1158 1443 euiteS.
1311 1391 1380 1443 62
1443 1409 1572 1442 rem
1633 1388 1840 1457 patris

148 1469 475 1521 oblimare.
555 1467 863 1519 oblimare
913 1465 1224 1518 ‘conterere'
1267 1465 1557 1534 significat,
1605 1467 1665 1515 ut
1705 1480 1840 1533 quae

148 1562 180 1594 a
216 1543 385 1594 fabris
425 1542 695 1593 limantur.
796 1542 867 1593 62
908 1541 1057 1609 quid
1096 1541 1268 1592 inter
1307 1542 1403 1591 est
1441 1540 1504 1591 in
1544 1541 1842 1590 matrona

80 1639 123 1670 20
149 1617 395 1669 ancilla
433 1633 741 1684 peccesue
780 1618 1020 1684 togata.
1071 1617 1235 1684 negat
1258 1614 1515 1666 interesse
1541 1613 1842 1695 quicquam,

147 1694 326 1743 utrum
382 1691 501 1760 quis
556 1690 613 1741 in
667 1693 918 1742 matrona
973 1708 1043 1741 an
1096 1690 1153 1741 in
1209 1689 1405 1740 ancilla
1456 1707 1526 1739 an
1574 1687 1735 1739 etiam
1783 1686 1841 1737 in

148 1766 389 1817 adultera
429 1765 726 1833 delinquat
768 1767 980 1815 secutus
1030 1764 1338 1831 opinionem
1380 1761 1702 1829 Stoicorum,
1751 1760 1842 1830 qui

149 1840 330 1892 omnia
376 1841 596 1907 peccata
642 1838 793 1906 paria
840 1856 954 1890 esse
1003 1838 1200 1890 dicunt.
1300 1855 1398 1889 nec
1446 1837 1588 1888 enim
1635 1836 1712 1887 rei
1752 1834 1839 1886 ad-

147 1914 342 1966 missae
384 1913 763 1983 quantitatem,
822 1913 913 1964 sed
962 1912 1294 1964 admittentis
1341 1911 1677 1963 uoluntatem
1725 1927 1840 1978 spe-

82 2008 123 2041 25
150 1992 311 2041 etant.
366 1990 584 2057 togatae
612 1990 791 2039 autem
815 1987 871 2038 in
894 1987 1168 2055 publicum
1200 1986 1484 2054 procedere
1510 1985 1842 2054 cogebantur

147 2063 381 2114 feminae
423 2061 671 2114 adulterii
710 2062 930 2113 admissi
971 2061 1262 2114 conuictae.
1388 2061 1459 2112 64
1498 2058 1737 2112 Uillius
1777 2057 1841 2109 in

147 2137 386 2189 Fausta
441 2134 660 2204 Syllae
724 2154 916 2205 gener
976 2136 1095 2188 hoc
1159 2136 1351 2187 miser
1412 2153 1534 2186 uno
1585 2133 1840 2185 nomine

149 2211 456 2279 deceptus
496 2229 734 2278 poenas
776 2210 965 2262 dedit.
1060 2208 1294 2262 ‘Uillius'
1334 2227 1430 2277 pro
1471 2208 1653 2260 Annio
1695 2206 1840 2258 dixit.

149 2285 361 2336 Annius
430 2288 607 2335 autem
669 2284 799 2337 Milo
863 2286 1087 2336 maritus
1150 2284 1253 2335 fuit
1311 2283 1544 2334 Faustae
1607 2280 1842 2334 Cornelii

83 2380 126 2427 30
154 2357 332 2428 Syllae
371 2358 535 2425 filiae,
584 2359 675 2427 qui
722 2376 756 2410 a
802 2359 1010 2410 familia
1048 2357 1356 2427 Longareni
1396 2357 1623 2408 adulteri
1661 2354 1840 2406 uxoris

151 2451 276 2485 suae
324 2433 534 2484 rediens
584 2451 615 2483 a
662 2451 793 2484 cena
842 2435 965 2484 ante
1014 2433 1169 2484 aedes
1226 2450 1372 2498 suaS,
1418 2449 1485 2482 ne
1542 2430 1841 2482 adulterum

151 2506 589 2576 deprehenderet,
637 2507 834 2575 pugnis
884 2524 1068 2558 caesus
1110 2509 1191 2558 est
1230 2509 1283 2557 et
1320 2505 1461 2557 ferro
1500 2504 1840 2574 perterritus3

273 2703 294 2740 1
331 2696 496 2740 eadem
527 2696 722 2740 infamla
755 2697 817 2739 M
928 2702 955 2739 4
989 2696 1404 2740 aluummodestice
1437 2696 1500 2740 M
1603 2701 1629 2740 6
1661 2694 1841 2738 h1sdem

152 2757 214 2799 M
334 2762 387 2799 11
420 2755 571 2799 multa
604 2756 666 2798 M
785 2761 838 2798 12
872 2755 1090 2799 habunde
1125 2756 1187 2799 M
1308 2760 1360 2798 13
1392 2755 1465 2799 bis
1499 2756 1663 2799 addidi
1784 2758 1840 2796 14

149 2816 203 2858 fit
233 2829 336 2858 nos:
370 2817 431 2858 Sit
465 2815 527 2858 M
556 2816 612 2869 cf.
647 2816 707 2858 ad
740 2814 786 2858 S.
825 2821 863 2870 1,
895 2821 935 2869 4,
972 2820 1053 2867 573
1088 2819 1128 2869 5,
1161 2819 1217 2859 45
1355 2815 1575 2858 habunde
1606 2813 1655 2858 M
1784 2817 1840 2855 20

150 2887 394 2929 peccessue
429 2875 491 2917 JlI
608 2874 738 2930 neg&
771 2874 833 2916 M
951 2879 1005 2917 22
1039 2874 1267 2931 defflgnat.
1325 2875 1506 2918 secutas
1539 2885 1842 2930 oppinionem

153 2933 216 2975 M
335 2939 389 2976 23
425 2947 607 2993 amisse.
642 2934 907 2989 quantitate
935 2958 943 2966 ·
980 2934 1042 2976 M
1169 2938 1223 2977 28
1258 2947 1363 2977 amo
1399 2934 1461 2976 M
1594 2937 1648 2976 30
1681 2931 1842 2987 longa-

150 3005 281 3035 rema
315 2993 377 3034 M
494 2997 549 3035 32
582 2993 758 3049 petitus
795 3008 824 3048 ς
