1939 3197
715 52 1075 100 PRAEFATIO.
1675 67 1740 110 IX

62 180 191 232 ratii
231 183 569 251 antepositae
606 185 772 239 fuisse
817 189 1069 244 uidentur
1112 193 1169 244 in
1208 194 1388 248 codice
1429 197 1741 271 archetypo¹

58 256 252 321 postea
328 274 448 308 cum
524 263 899 314 commentarii
970 271 1349 333 separarentur
1423 270 1575 338 ipsae
1652 274 1738 327 de-

52 326 283 395 scriptae
333 329 673 402 insertaeque
726 337 907 389 uerbis
956 336 1365 409 Porphyrionis.
1442 345 1624 414 itaque
1687 348 1735 400 si

17 401 503 529 erssfissffis‘ffrapffig
544 406 1092 538 ⁸33⁰}{212‘2133inffi
1105 414 1249 540 §aas
1265 417 1738 558 0111111110

414 519 428 546 7
510 521 524 546 2

50 546 245 600 simus
308 555 766 618 grammaticus
830 557 946 610 illo
1009 562 1297 629 tempore
1360 568 1422 616 et
1484 567 1733 622 amicus

46 618 310 673 Horatii
363 623 493 676 fuit
545 629 883 682 conuincitur
931 632 1212 702 inscriptio
1253 636 1299 687 E
1347 640 1398 706 1,
1451 641 1542 708 10,
1586 642 1612 693 1
1657 643 1735 695 ad

44 691 363 747 Aristium
401 696 672 753 Fuscum
712 704 1100 772 scriptorem
1142 712 1630 766 comoediarum.
1670 716 1735 768 cf.

46 763 82 818 S
125 769 178 836 1,
235 769 264 820 7
307 772 361 821 et
398 771 457 840 2,
510 774 546 824 4
585 774 699 827 init.
774 782 1049 845 postremo
1103 787 1184 834 est
1238 785 1330 837 ubi
1379 786 1482 838 duo
1525 788 1731 841 scholia

44 843 139 892 aut
177 841 309 895 adeo
352 844 461 896 sint
500 848 686 900 eadem
727 853 822 902 aut
859 855 973 904 tam
1015 858 1286 909 contraria
1319 860 1444 928 sibi,
1484 864 1545 913 ut
1571 863 1732 915 alter-

40 917 222 966 utrum
259 914 650 987 Porphyrionis
697 942 807 976 non
844 927 1024 992 possit
1063 947 1192 982 esse.
1255 950 1298 983 e.
1339 951 1387 1002 g.
1431 934 1474 987 Ο
1516 936 1563 1004 2,
1604 936 1652 1005 5,
1692 938 1726 990 6

39 1005 203 1041 nunc
241 989 472 1044 fluuiis
513 1012 774 1064 grauem
815 1000 1101 1054 solantis
1144 1005 1426 1077 aestum.]
1475 1009 1730 1079 elegan-

39 1061 172 1114 tius
212 1063 338 1116 dici
376 1084 502 1118 non
539 1072 785 1139 potest,
827 1091 1010 1140 quam
1035 1075 1154 1130 hoc
1187 1079 1428 1132 dicitur
1469 1082 1727 1137 ‘fluuiis

39 1149 300 1203 grauem
357 1140 645 1194 solantis
702 1147 979 1199 aestum'
1022 1152 1187 1218 quod
1228 1154 1571 1223 significat
1611 1157 1729 1211 ‘re-

43 1207 478 1278 frigerantis'.
587 1218 869 1273 solantis
895 1226 1182 1291 aestum]
1235 1229 1453 1281 solans
1481 1234 1727 1284 aestum

37 1299 153 1349 pro
194 1285 631 1355 refrigerante
672 1295 1049 1360 gratissime
1090 1298 1348 1370 dicitur3
1388 1304 1474 1354 uel
1516 1303 1551 1357 S
1584 1306 1632 1373 2,
1673 1307 1723 1375 3,

38 1355 106 1408 83
142 1355 536 1427 Anticyra..
575 1366 635 1415 et
673 1366 1208 1437 estPropontidis
1249 1374 1488 1428 insula:
1528 1378 1577 1430 A
1618 1380 1726 1432 300

35 1428 213 1482 locus
271 1436 370 1484 est
416 1434 480 1486 in
518 1435 764 1491 Achaia
802 1441 1147 1513 Anticyra,
1201 1448 1309 1499 ubi
1365 1450 1724 1505 elleborum

32 1504 348 1557 nascitur.
405 1508 467 1559 cf.
509 1509 552 1561 O
599 1511 643 1578 1,
688 1513 769 1581 15,
809 1515 895 1566 32.
963 1517 1006 1581 1,
1047 1519 1132 1586 25,
1177 1521 1257 1573 10.
1316 1523 1361 1591 1,
1401 1524 1487 1593 37,
1527 1526 1612 1578 20.
1680 1528 1724 1596 1,

34 1575 119 1644 38,
161 1579 208 1629 7.
269 1579 319 1646 2,
363 1581 445 1650 17,
490 1584 569 1635 14.
618 1586 666 1653 3,
707 1586 763 1654 3,
804 1588 875 1640 25
916 1587 1217 1663 (Helenae).
1296 1596 1352 1664 3,
1396 1599 1485 1667 11,
1531 1600 1610 1652 13.
1674 1601 1725 1670 3,

35 1649 119 1717 15,
162 1651 243 1703 13.
284 1651 320 1704 S
361 1655 411 1721 2,
452 1656 499 1724 6,
545 1658 611 1708 12
651 1659 740 1711 fin.
817 1661 865 1713 E
911 1664 956 1731 1,
1002 1666 1045 1732 1,
1087 1667 1170 1718 62.
1248 1672 1496 1737 quamuis
1538 1673 1600 1725 de
1635 1673 1721 1727 his

32 1722 252 1776 scholiis
309 1730 362 1778 et
412 1728 474 1780 de
527 1731 844 1799 quibusdam
900 1754 1033 1804 quae
1074 1739 1450 1811 Porphyrione
1490 1747 1608 1815 quis
1649 1747 1723 1800 di-

27 1797 169 1849 xerit
206 1799 431 1869 indigna
468 1806 716 1858 nonnihil
757 1811 889 1861 certi
929 1815 1270 1880 comprobari
1306 1819 1499 1888 possit,
1538 1823 1722 1874 tamen

31 1869 95 1922 de
137 1872 257 1924 aliis
295 1874 542 1941 pluribus
583 1897 668 1932 res
702 1881 963 1936 destituta
987 1888 1147 1939 certis
1174 1893 1508 1960 argumentis
1540 1896 1720 1965 uergit

35 1943 103 1995 ad
140 1944 413 2000 licentiam
463 1951 845 2024 libidinemque
885 1958 1178 2031 iudicandi,
1229 1982 1334 2032 qua
1380 1970 1442 2018 ut
1481 1969 1721 2038 alioquin

31 2018 213 2071 taceat
250 2021 308 2072 in
347 2042 502 2076 suum
543 2028 767 2097 quisque
807 2049 964 2083 usum
1004 2033 1230 2089 fruatur.

171 2091 350 2147 Erunt
387 2098 479 2165 qui
517 2104 933 2157 commentarios
975 2112 1191 2174 sperent
1230 2111 1408 2165 minus
1449 2114 1708 2183 depraua-

27 2166 113 2216 tos
155 2182 273 2218 esse
313 2169 369 2219 in
406 2171 531 2224 aliis
569 2175 832 2228 codicibus,
911 2196 974 2230 ex
1022 2182 1213 2248 quibus
1262 2185 1502 2253 inspexit
1537 2187 1710 2259 Pauly

26 2234 514 2308 Guelferbytanum
560 2263 646 2299 no.
695 2249 766 2301 85
804 2250 950 2303 inter
991 2252 1265 2309 Gudianos
1308 2277 1347 2311 s,
1386 2259 1531 2331 XIV,
1569 2262 1716 2317 Hau-

23 2309 142 2363 thal
182 2311 490 2378 Parisinum
539 2337 624 2371 no.
669 2322 810 2376 7988
852 2343 893 2377 s,
931 2325 1048 2395 XV⁷
1103 2328 1431 2385 Bernensem
1479 2353 1565 2388 no,
1607 2338 1714 2391 516

23 2401 63 2435 S.
114 2383 231 2455 XV,
285 2390 464 2442 uarias
528 2393 786 2448 lectiones
847 2416 981 2467 quas
1031 2400 1225 2457 Petrus
1285 2405 1481 2460 Daniel
1529 2410 1585 2461 in
1635 2411 1713 2463 ed.

21 2454 188 2511 Basil.
255 2479 299 2512 a.
360 2464 501 2517 1555
564 2467 873 2539 adscripsit3
949 2492 1048 2543 ego
1089 2475 1176 2530 hic
1230 2479 1341 2533 illic
1396 2480 1710 2554 Guelferby-

22 2533 208 2584 tanum
248 2535 485 2589 codicem
532 2543 585 2592 et
630 2542 889 2598 lectiones
939 2566 970 2599 a
1008 2548 1167 2603 Petro
1215 2551 1441 2607 Daniele
1492 2561 1709 2610 notatas

21 2607 281 2658 consului.
359 2629 685 2682 quamquam
740 2621 921 2671 autem
976 2621 1221 2677 homines
1278 2628 1423 2680 docti
1475 2631 1565 2698 qui
1604 2631 1705 2684 hos

21 2677 229 2731 codices
271 2683 579 2738 scribebant
619 2691 877 2757 quaedam
918 2694 1025 2762 ipsi
1066 2698 1174 2750 alia
1207 2718 1269 2752 ex
1295 2702 1515 2755 scholiis
1539 2703 1706 2759 Acro-

17 2750 102 2802 nis
144 2762 508 2827 correxerunt,
564 2761 882 2818 difficillimo
923 2786 1133 2837 quoque
1174 2772 1292 2826 loco
1335 2780 1562 2843 apparet
1599 2797 1707 2831 me-

17 2824 168 2878 lioris
229 2831 390 2881 notae
452 2832 647 2887 librum
710 2856 871 2906 quam
930 2840 1311 2899 Monacensem
1372 2868 1542 2918 neque
1597 2852 1704 2904 illis

17 2897 188 2950 fuisse
225 2918 395 2971 neque
433 2907 590 2960 nobis
632 2929 763 2964 esse.

165 2974 495 3032 Editiom‘bus
557 3000 691 3036 saec.
752 2985 855 3039 XV
910 2991 963 3040 et
1016 2989 1146 3044 XVI
1195 2995 1368 3048 multa
1433 3003 1702 3069 corrupta,

0 3068 33 3197 ,ἱ
