1939 3197
155 83 258 134 176
431 131 439 138 „
820 82 1068 126 EPODON
1105 89 1172 127 1-7.
1855 74 1858 75 ’
1927 85 1939 137 :3

150 219 579 271 nouemdialis
643 218 961 287 dissipare
1023 220 1327 286 pulueris,
1429 220 1668 272 cinerum
1722 220 1842 272 reli-

154 293 307 362 quias
332 294 450 345 uult
474 292 733 362 intellegi.
775 311 902 344 nam
927 293 1266 346 nouemdiale
1293 294 1487 346 dicitur
1512 294 1846 361 sacrificium,

154 367 296 436 quod
336 370 548 419 mortuo
588 366 649 418 fit
688 385 835 419 nona
871 367 969 435 die,
1010 386 1114 435 qua
1149 369 1388 437 sepultus
1423 370 1517 420 est.
1579 386 1679 420 nec
1710 367 1845 420 illud

155 442 269 493 sine
319 440 676 493 amaritudine
725 444 806 493 est
852 441 910 492 in
958 443 1229 510 superiore
1270 461 1452 510 uersu,
1500 443 1643 510 quod
1684 460 1847 494 anum

109 532 130 564 5
153 516 300 567 illam
343 515 591 583 appellet,
632 533 766 583 quae
798 515 972 567 adhuc
997 516 1166 568 amari
1190 517 1336 568 uelit.
1399 519 1452 568 et
1477 517 1847 569 adnotandum
1932 571 1935 574 ,

152 590 431 658 pluraliter
479 589 674 641 dixisse
721 591 1037 658 11111116163.
1176 591 1246 643 50
1294 594 1568 658 tuusque
1623 593 1849 642 uenter
1937 649 1939 660 ε

152 663 578 716 Pactumeius,
637 682 757 715 cum
798 682 893 732 per
925 664 1156 717 ironiam
1189 667 1243 716 et
1274 665 1406 717 haec
1431 665 1692 732 dicantur,
1730 665 1850 716 uult
1934 661 1939 682 '³

153 738 396 807 intellegi
420 739 569 789 illam
593 737 978 807 Pactumeium,
1005 739 1096 807 qui
1120 739 1262 791 filius
1289 739 1401 791 eius
1429 739 1850 807 existimabatur,
1937 732 1939 740 ’

157 813 500 880 subposuisse
543 812 658 880 sibi,
699 832 812 865 non
850 814 1134 881 peperisse.
1267 813 1337 865 50
1378 816 1437 865 et
1476 816 1585 866 tuo
1628 831 1850 866 6111016

89 907 132 939 1ο
154 887 383 939 11111163
425 887 745 939 obstetrix
783 906 1032 955 pannos
1072 888 1236 939 lauit
1275 891 1616 956 utcumque
1656 887 1850 940 fortis

156 961 343 1013 exilis
405 980 734 1029 puerpera.
837 963 971 1014 Zau-it
1038 962 1331 1014 secundum
1393 965 1632 1014 ueterem
1694 961 1851 1013 decli-

155 1036 434 1087 nationem
459 1036 732 1103 praesenti
756 1038 996 1103 tempore
1024 1036 1232 1087 dicitur.
1294 1039 1636 1105 utcumque
1671 1039 1850 1088 autem

158 1108 679 1178 ‘quotienscumque'
729 1110 1012 1179 significat.
1091 1113 1144 1161 et
1192 1113 1274 1162 est
1323 1128 1536 1162 sensus:
1579 1111 1851 1178 quotiens-

158 1202 382 1252 cumque
423 1184 583 1252 116113,
623 1184 904 1251 puerperio
946 1184 1299 1253 sanguinatos
1339 1203 1549 1252 pannos
1591 1184 1851 1236 obstetrix
1935 1180 1939 1244 j

94 1277 134 1309 15
155 1258 317 1310 lauat.
405 1258 495 1309 sed
542 1258 674 1309 illud
724 1262 912 1327 argute
958 1259 1161 1310 dictum
1202 1259 1388 1310 exilis
1429 1259 1626 1310 fortis
1667 1276 1852 1327 puer-

156 1350 330 1400 pera,
371 1332 497 1400 quia
536 1332 731 1384 fortem
770 1333 888 1384 uult
927 1333 1171 1402 intellegi
1212 1351 1273 1384 eo
1315 1333 1532 1402 30111061,
1574 1333 1716 1401 quod
1741 1351 1854 1385 non

156 1408 438 1474 pepererit.
539 1407 728 1458 exilem
777 1410 956 1459 autem
1006 1408 1104 1459 sub
1157 1425 1220 1458 ea
1260 1408 1457 1476 specie,
1507 1408 1659 1475 quasi
1698 1425 1853 1475 puer-
1933 1441 1939 1470 ς

157 1481 305 1548 perio
360 1481 505 1533 facta
561 1482 629 1532 sit
685 1481 937 1533 deformis
992 1500 1088 1550 per
1144 1482 1438 1533 exilitatem
1494 1481 1730 1549 corporis
1793 1499 1855 1532 ac

158 1555 382 1606 maciem
416 1556 733 1623 naturalem,
775 1556 915 1607 dicit.
1017 1556 1087 1608 53
1131 1556 1279 1624 quid
1321 1556 1643 1608 obseratis
1684 1555 1854 1607 auri-

92 1650 135 1681 20
158 1628 273 1680 bus
321 1629 539 1681 fundis
588 1648 823 1698 preces.
909 1630 1040 1682 facit
1089 1628 1369 1682 Canidiam
1420 1629 1854 1698 respondentem.

162 1703 484 1755 obseratis
541 1705 805 1756 auribus
859 1705 968 1757 suis
1010 1704 1139 1756 dicit
1180 1702 1406 1756 Canidia
1448 1704 1758 1773 significans
1800 1721 1855 1755 se
1937 1763 1939 1766 ¹

159 1795 343 1845 preces
386 1778 498 1829 eius
539 1779 683 1830 nolle
718 1778 915 1830 audire.
1016 1778 1085 1830 56
1126 1779 1372 1830 inultus
1413 1781 1483 1830 ut
1521 1782 1589 1829 tu
1629 1778 1856 1830 riseris
1933 1831 1936 1834 ,

162 1853 445 1919 cotyttia
484 1853 753 1922 uulgata
804 1871 1051 1904 sacrum
1097 1853 1288 1904 liberi
1330 1851 1686 1920 Cupidinis.
1777 1853 1855 1903 111-

163 1925 318 1977 (161111
343 1924 568 1978 Canidia
608 1927 935 1979 commisisse
961 1927 1191 1979 Horatio
1230 1929 1434 1979 secreta
1474 1926 1858 1978 sacrificiorum

95 2021 137 2053 25
164 2018 398 2069 suorum,
439 2019 575 2068 quae
615 2001 704 2052 ille
744 2001 922 2053 ridens
963 2001 1337 2070 diuulgauerit.
1402 1999 1648 2068 Cotyttia
1676 2003 1856 2051 autem

164 2092 374 2126 sacrum
415 2073 694 2143 Cupidinis
736 2094 850 2127 esse
893 2075 1038 2144 dixit,
1080 2076 1205 2143 quia
1243 2075 1507 2127 maleficia
1534 2074 1683 2143 haec,
1723 2091 1857 2142 quae
1934 2130 1936 2132 ,

162 2167 258 2216 per
311 2149 525 2200 inferna
580 2168 732 2201 sacra
786 2150 947 2217 fiunt,
1003 2150 1070 2201 ad
1126 2168 1362 2202 amorem
1416 2149 1685 2218 pertinere
1741 2149 1859 2200 uult
1936 2178 1939 2187 1

162 2223 419 2292 intellegi.
513 2226 566 2275 et
619 2225 847 2275 liberum
904 2222 1225 2292 Cupidinem
1280 2224 1438 2291 dixit,
1501 2223 1643 2291 quod
1705 2222 1859 2290 quasi

162 2297 298 2348 nulli
340 2297 408 2348 sit
448 2297 711 2350 obnoxius
753 2301 806 2349 et
846 2317 1031 2350 omnes
1073 2316 1252 2349 amore
1292 2298 1457 2349 ludat.
1522 2297 1597 2349 sic
1630 2296 1858 2364 denique

97 2392 140 2424 30
165 2373 218 2421 et
266 2371 406 2438 apud
453 2370 810 2441 Uergilium
866 2372 1061 2423 dicitur
1113 2371 1327 2423 Patris
1388 2371 1493 2440 qui
1551 2371 1682 2422 tela
1737 2369 1859 2437 Ty-

164 2444 370 2512 phoea
408 2447 658 2498 temnis
720 2445 965 2513 Cotyttia
991 2464 1144 2497 sacra
1169 2445 1434 2513 dicuntur,
1465 2462 1599 2513 quae
1631 2443 1858 2496 infernis
1931 2464 1939 2510 j

166 2519 266 2570 diis
323 2537 354 2569 a
408 2519 661 2572 ueneficis
715 2520 874 2589 fiunt,
929 2520 1052 2571 inde
1108 2519 1359 2587 fortasse,
1422 2519 1565 2587 quod
1621 2516 1857 2586 Cocytus
1934 2514 1939 2586 j

285 2625 341 2664 30
373 2620 487 2664 Aen.
524 2625 563 2676 1,
598 2626 681 2664 669

286 2716 308 2753 1
343 2711 450 2754 haec
481 2724 584 2754 nos:
624 2710 1011 2766 cmereliquarum
1047 2711 1109 2753 M
1145 2710 1320 2754 cineres
1352 2709 1656 2765 reliquiarum
1689 2723 1718 2764 ς
1833 2713 1858 2750 2
1931 2722 1939 2753 ,ς

167 2770 474 2813 nouemdialis
509 2770 572 2813 M
704 2775 729 2812 3
762 2771 945 2813 mortuo
976 2783 1080 2813 nos:
1112 2770 1307 2813 mortuis
1342 2769 1404 2812 M
1545 2773 1570 2811 5
1604 2767 1768 2823 apell&
1801 2767 1864 2809 M
1927 2755 1939 2850 ἑ

287 2834 312 2872 8
344 2830 635 2885 pactumeius
670 2829 733 2871 M
823 2834 874 2872 17
901 2831 1075 2886 pererit
1100 2830 1163 2872 M
1251 2833 1305 2871 23
1332 2829 1495 2872 0011116
1517 2827 1715 2883 uulgatu
1741 2826 1804 2869 M
1925 2864 1930 2867 .

169 2892 223 2930 25
256 2888 583 2945 deuulgauerit
614 2889 778 2931 0011116
811 2888 873 2930 M
991 2893 1047 2932 26
1088 2887 1296 2944 cupidmi
1331 2887 1392 2930 Μ
1510 2892 1565 2929 29
1599 2887 1648 2930 et
1678 2899 1857 2930 omnes:
1920 2895 1930 2906 ”

167 2947 222 2989 ut
253 2961 410 2991 omnes
445 2948 508 2990 M
678 2961 857 2991 amores
891 2947 954 2990 M
1123 2953 1179 2992 30
1218 2946 1366 3003 patris
1407 2945 1575 2989 summi
1607 2944 1688 3000 qui
1727 2944 1857 3000 Uery.
1921 2996 1926 3001 ζ

285 3006 431 3050 tifoea
464 3007 527 3050 M
644 3012 699 3050 31
734 3008 898 3050 0011116
928 3007 977 3049 Μ
1008 3006 1221 3051 Hauthal
1251 3007 1384 3061 finem
1416 3005 1574 3049 scholii
1603 3003 1771 3050 deleuit
