1939 3197
161 88 263 140 136
678 88 798 133 ODE
832 89 910 144 IV,
948 95 973 134 9
1008 90 1055 133 et
1089 95 1143 133 10
1176 91 1223 133 et
1258 95 1324 134 11.

156 225 370 294 patria
417 225 680 277 timidus
733 224 956 293 perire.
1095 225 1243 278 deest
1291 225 1442 278 eerit’.
1544 227 1619 278 ait
1666 230 1846 279 autem

118 359 120 367 Ι
158 317 280 351 611111
321 300 412 368 qui
453 300 609 352 bonis
651 299 855 350 artibus
895 299 1189 352 instructus
1232 301 1302 352 sit
1340 319 1451 353 non
1499 301 1744 352 dubitare
1792 304 1846 353 et

158 393 256 442 pro
299 374 483 426 amicis
527 377 579 425 et
617 392 713 441 pro
748 373 924 441 patria
963 377 1192 426 mort-em
1218 375 1410 443 subire,
1451 375 1495 427 si
1519 393 1735 427 necesse
1762 376 1845 428 sit.

848 519 967 563 ODE
1002 525 1041 576 4,
1080 526 1146 565 10.

112 623 132 656 5
309 610 351 662 O
417 610 698 663 crudelis
763 610 967 663 adhuc
1030 614 1089 662 et
1143 610 1413 664 Ueneris
1477 612 1845 664 muneribus

156 688 405 754 potens,
528 685 661 737 haec
708 678 823 758 ᾠδὴ
870 686 933 737 'in
983 684 1301 754 Ligurinum
1342 686 1539 755 scripta
1581 689 1683 754 est,
1723 704 1846 755 que-

154 759 342 811 rellam
403 759 601 811 amoris
658 760 956 812 continens,
1063 760 1432 812 muneribus
1503 763 1730 828 potens
1792 760 1848 812 id

157 837 260 886 est:
303 834 370 886 ob
411 852 634 886 munera
675 852 810 902 quae
850 834 907 885 in
931 837 983 886 te
1016 833 1201 886 Uenus
1242 835 1483 887 contulit.
1576 835 1846 902 21113116-

155 911 298 960 rata
329 911 476 960 tuae
510 926 648 960 cum
686 908 905 960 ueniet
944 909 1159 977 pluma
1192 909 1546 977 superbiae.
1607 909 1848 977 plumam

93 995 136 1027 10
160 1001 258 1051 pro
299 983 473 1051 prima
513 982 682 1034 barba
714 983 908 1051 posuit.
1008 984 1044 1034 4
1083 1001 1250 1035 nunc
1291 987 1351 1035 et
1391 984 1497 1051 qui
1538 983 1714 1035 color
1754 986 1849 1034 est

155 1057 483 1125 pumiceae
530 1056 695 1108 flore
743 1058 920 1124 prior
967 1075 1165 1109 rosae.
1251 1058 1427 1125 prior
1466 1076 1562 1125 pro
1605 1055 1847 1109 ξ11161101·’.

305 1130 338 1183 5
402 1131 468 1182 in
515 1130 745 1182 faciem
793 1131 1068 1183 uerterit
1118 1132 1440 1200 hispidam
1494 1131 1547 1182 id
1597 1134 1699 1182 est:
1738 1131 1849 1182 hir—

155 1208 345 1258 sutam.

854 1275 973 1319 ODE
1007 1281 1048 1332 4,
1086 1281 1153 1319 11.

90 1380 132 1413 15
306 1368 423 1420 Est
470 1368 626 1420 mihi
672 1386 907 1420 nonum
949 1369 1321 1438 superantis
1362 1387 1608 1420 annum.
1687 1368 1848 1439 signi-

158 1443 285 1495 ficat
326 1461 379 1494 se
421 1443 562 1494 diem
600 1443 837 1494 natalem
877 1442 1205 1495 Maecenatis
1245 1444 1382 1495 uelle
1424 1443 1706 1495 celebrare.
1774 1443 1849 1495 lo-

160 1517 342 1586 quitur
384 1520 564 1569 autem
605 1517 671 1569 ad
711 1516 1010 1586 Phyllidem
1051 1518 1292 1569 amicam.
1400 1517 1433 1569 5
1474 1535 1594 1586 qua
1634 1517 1848 1569 crines

156 1592 438 1660 religata
491 1592 723 1660 fulges.
823 1611 920 1659 pro
982 1591 1208 1660 ‘fulgere
1265 1591 1440 1643 soles'.
1540 1609 1652 1643 non
1707 1591 1850 1643 enim

154 1665 264 1717 iam
304 1669 617 1718 coronatam
657 1683 771 1717 esse
813 1665 963 1735 dicit,
1014 1666 1105 1717 sed
1144 1666 1341 1717 inuitat
1389 1683 1529 1733 eam,
1575 1665 1656 1716 uti
1702 1683 1850 1718 coro-

91 1751 135 1785 20
159 1743 331 1792 netur.
500 1741 532 1792 6
588 1739 758 1791 ridet
818 1758 915 1808 pro
986 1742 1141 1809 grata
1204 1742 1284 1791 est
1354 1758 1414 1791 36
1468 1739 1656 1808 fulget.
1815 1739 1849 1792 9

160 1816 395 1867 cunct-a
449 1814 726 1866 festinat
780 1832 1020 1866 manus,
1122 1814 1188 1865 ad
1242 1814 1641 1866 multitudinem
1695 1813 1851 1866 mini-

161 1892 396 1941 strorum
436 1889 681 1940 refertur.
838 1889 902 1940 11
946 1888 1272 1941 sordidum
1312 1888 1609 1940 flammae
1648 1888 1850 1955 trepi-

158 1962 313 2014 dant
373 1965 669 2014 rotantes
733 1962 975 2014 uertice
1038 1963 1291 2014 fumum.
1402 1960 1533 2033 [non
1595 1961 1850 2028 otiosum]

163 2034 401 2105 ἐνεργῶς
449 2037 650 2089 dictum
691 2039 785 2088 6313.
898 2037 966 2089 14
1004 2036 1153 2089 Idus
1194 2037 1316 2088 tibi
1357 2039 1504 2088 sunt
1545 2036 1853 2106 agendae,

93 2152 136 2186 25
163 2111 268 2179 qui
309 2111 443 2162 dies
483 2128 763 2163 mensem
798 2109 1071 2163 Ueneris
1112 2111 1395 2162 marinae
1435 2110 1636 2162 findit
1667 2110 1852 2178 Apri-

161 2186 298 2236 lem.
374 2185 494 2237 idus
534 2185 747 2253 Apriles
789 2185 1070 2254 significat.
1143 2187 1368 2251 [autem]
1409 2185 1608 2236 mensis
1649 2184 1851 2252 Aprilis

163 2253 270 2310 ἀπὸ
311 2259 408 2326 τῆς
442 2254 773 2327 Ἀφροδίτης
812 2260 984 2312 dictus
1024 2260 1251 2328 uidetur,
1290 2277 1388 2311 nec
1427 2259 1692 2327 inmeritO,
1732 2277 1853 2310 cum

164 2332 223 2384 in
259 2350 344 2384 res
380 2334 626 2385 uenerias
668 2352 729 2385 eo
767 2336 1008 2401 tempore
1043 2334 1222 2386 omnia
1254 2333 1509 2385 animalia
1541 2333 1851 2384 excitentur.

164 2407 434 2476 significat
481 2409 662 2459 autem
712 2406 895 2459 Idibus
936 2407 1212 2476 Aprilibus
1251 2407 1489 2458 natalem
1529 2406 1669 2458 diem
1707 2405 1852 2458 Mae-

93 2522 137 2556 30
165 2481 369 2533 cenatis
409 2498 523 2548 esse,
562 2481 620 2532 in
660 2481 808 2532 cuius
848 2481 1107 2534 honorem
1149 2481 1408 2533 sacrificet
1448 2483 1500 2532 et
1539 2480 1800 2548 epuletur.

310 2556 377 2607 21
421 2554 770 2624 Telephum
811 2573 989 2623 quem
1028 2558 1095 2607 tu
1134 2555 1301 2624 petis
1343 2555 1687 2624 occupauit
1725 2574 1853 2608 non

196 2755 201 2759 .
283 2724 304 2761 1
340 2719 463 2774 gerit
496 2718 559 2761 M
693 2722 717 2761 6
751 2717 1037 2772 quaerellam
1070 2717 1132 2760 M
1265 2721 1291 2760 8
1325 2730 1413 2772 que
1449 2716 1511 2759 M
1642 2721 1693 2759 11
1727 2729 1854 2772 prior

167 2776 277 2820 flore
313 2778 375 2820 M
496 2784 548 2821 12
581 2776 739 2820 11866111
772 2777 834 2819 M
955 2781 1007 2820 15
1040 2790 1230 2819 monum
1264 2776 1326 2818 M
1446 2781 1498 2820 16
1531 2775 1685 2819 11116116
1719 2775 1782 2818 M

172 2841 224 2878 17
257 2835 455 2880 filhdem
491 2837 553 2880 M
681 2841 735 2879 23
770 2849 861 2879 non
892 2836 1092 2879 otiosum
1124 2848 1318 2892 enei-gos
1353 2835 1416 2878 M
1548 2838 1604 2878 25
1636 2834 1760 2877 d1em
1794 2833 1857 2876 M

283 2900 337 2938 26
388 2898 546 2940 autem
585 2909 640 2939 eoe
679 2896 801 2939 linea
847 2899 909 2939 29
943 2895 1124 2938 illatum
1163 2895 1311 2938 deleui
1445 2899 1498 2937 31
1549 2892 1760 2937 Telefum
1794 2893 1858 2936 M

283 2958 337 2997 31
393 2959 586 3010 apparet
640 2954 829 2998 alterius
886 2954 1104 2998 carminis
1157 2954 1237 2997 hoc
1283 2954 1520 2998 eoeordmm
1565 2953 1719 2996 uisum
1764 2965 1853 2997 esse

167 3012 493 3070 Porphyrioni.
527 3015 585 3069 cf.
619 3015 727 3060 Aer.
