1939 3197
759 80 1010 125 EPODON
1046 86 1111 126 17.
1270 149 1271 152 Ἴ
1350 97 1352 101 ·
1403 90 1406 103 2
1489 69 1512 151 u'
1554 66 1558 83 ³
1600 70 1603 75 “
1642 69 1789 136 ¹177

83 215 280 268 fluuius
321 215 391 267 sit
439 214 748 267 inferorum.
885 216 953 269 58
996 219 1057 268 et
1095 212 1424 285 Esquilini
1474 219 1768 285 pontifex

84 288 378 341 uenefici.
440 287 748 357 pontificem
772 306 916 341 nunc
942 290 1095 357 quasi
1127 307 1402 342 censorem
1438 307 1499 342 66
1539 291 1768 344 iudicem

83 362 235 430 dicit,
281 362 406 431 quia
455 361 734 430 pontifices
775 362 838 414 de
880 364 1043 415 sacris
1083 364 1337 416 iudicant
1435 363 1766 441 Esquilini

82 438 263 488 autem
309 435 524 504 merito,
571 435 697 504 quia
742 439 804 488 ut
854 454 1011 505 saepe
1059 436 1297 490 ostendit
1348 440 1521 499 extra
1542 442 1769 514 portani
1833 506 1835 509 v

79 508 442 578 Esquilinam,
488 509 592 562 hoc
641 512 741 577 est,
792 510 927 576 [ubi]
976 511 1033 562 in
1073 511 1283 580 aggeris
1323 509 1542 581 regione
1583 521 1663 578 ea
1687 531 1764 568 36
1788 528 1809 562 5

79 583 266 650 pulcra
312 586 488 651 erant,
533 583 675 635 inter
721 602 855 652 quae
902 584 1151 636 noctibus
1201 585 1295 636 illa
1333 586 1573 637 malefica
1613 572 1764 637 sacra

80 657 409 709 conficiebat.
510 657 580 709 60
620 657 771 725 quid
809 658 1101 725 proderit
1140 658 1382 710 ditasse
1417 658 1763 728 Paelignas

81 748 253 782 anus.
351 731 493 783 fallit
532 749 718 783 sensus
756 731 859 799 hic,
899 732 1052 799 quasi
1092 730 1317 783 Canidia
1343 731 1499 787 ⁴dicat
1539 750 1593 783 se
1633 732 1763 784 Pae·

76 803 254 873 lignas
309 821 444 856 anus
501 804 654 856 donis
710 804 931 872 ditasse,
984 808 1046 857 ut
1107 805 1486 857 ueneficiorum
1546 824 1764 858 suorum

77 880 219 929 artes
261 895 316 931 se
356 877 632 945 docerent3
682 877 774 929 sed
822 878 1061 930 subiecta
1100 882 1405 948 repugnant
1443 878 1567 930 huic
1606 880 1760 931 intel-
1787 894 1828 924 10

74 950 253 1002 lectui.
309 969 436 1020 ergo
464 951 538 1003 sic
562 951 742 1020 potius
765 952 1210 1021 intellegendum:
1253 952 1379 1020 quid
1404 952 1504 1004 tibi
1542 953 1762 1021 prodest

75 1023 271 1076 Horati
318 1025 625 1077 adhibuisse
672 1025 771 1077 tibi
821 1026 1032 1095 magnis
1088 1026 1420 1078 mercedibus
1475 1025 1761 1096 Paelignas

78 1115 235 1167 anus,
283 1117 418 1167 quae
465 1099 750 1150 ueneficiisv
782 1099 914 1151 meis
953 1102 1006 1151 156
1045 1117 1140 1167 per
1180 1100 1418 1151 carmina
1456 1099 1760 1152 liberarent.

226 1172 294 1224 61
336 1173 708 1224 uelociusue
762 1173 1096 1225 miscuisse
1143 1174 1445 1241 toxicum,
1483 1191 1579 1241 per
1618 1175 1760 1242 quod

72 1244 173 1296 tibi
210 1244 407 1298 Horati
444 1248 672 1297 mortem
711 1247 1015 1314 accerseriS‚
1054 1250 1116 1298 ut
1153 1250 1424 1299 tormenta
1462 1247 1605 1299 uitae
1646 1265 1757 1299 car·
1785 1261 1825 1293 15

73 1318 308 1371 minibus
348 1320 480 1371 meis
530 1320 780 1389 inrogata
827 1320 1101 1389 effugeres
1239 1321 1308 1372 62
1364 1321 1416 1372 31
1469 1320 1757 1373 tardiora

70 1391 206 1444 fata
260 1396 322 1445 te
375 1393 547 1445 uotis
602 1397 883 1445 manent:
941 1394 984 1445 si
1038 1393 1243 1446 tardius
1294 1394 1539 1461 moreriS‚
1596 1413 1757 1462 quam

73 1467 287 1534 optasti.
403 1468 474 1518 64
505 1467 691 1519 1101113
731 1470 801 1518 ut
839 1486 1034 1536 usque
1075 1468 1383 1536 subpetas
1424 1467 1755 1520 doloribus

70 1539 173 1592 hoc
209 1544 312 1592 est:
352 1543 414 1592 ut
439 1541 792 1608 subpediteris
818 1543 872 1592 et
896 1542 1048 1609 quasi
1072 1542 1390 1593 ministreris
1415 1541 1752 1594 cruciatibus.

222 1614 292 1665 74
360 1615 667 1666 uectabor
734 1614 1013 1667 humeris
1075 1618 1228 1667 tunc
1291 1632 1407 1684 ego
1469 1615 1753 1668 inimicis
1780 1634 1822 1666 20

70 1704 276 1756 eques,
354 1687 481 1756 quid
521 1691 601 1740 est
639 1688 873 1740 umeris
913 1689 1257 1741 uectabor‘?
1311 1689 1417 1741 nisi
1455 1689 1594 1741 forte
1635 1689 1755 1741 sub·

70 1761 393 1813 audiendum
433 1762 760 1814 extrinsecus
801 1761 1163 1815 ‘iactantibus'
1205 1765 1298 1815 aut
1335 1762 1462 1832 quid
1493 1764 1615 1815 tale.
1679 1763 1753 1816 sic

70 1835 213 1886 enim
251 1835 449 1887 iactare
488 1836 740 1888 humeros
780 1837 970 1905 solent,
1018 1837 1110 1905 qui
1149 1837 1443 1906 gloriantes
1483 1837 1752 1889 incedunt

69 1908 211 1977 quod
252 1909 297 1961 si
334 1909 411 1961 ita
451 1913 546 1977 est,
588 1909 836 1962 inimicis
876 1909 1055 1993 eques'
1095 1910 1428 1979 iungendum
1468 1911 1583 1978 erit,
1622 1913 1682 1962 ut
1707 1911 1752 1962 31

69 1983 289 2034 diceret:
330 1983 577 2050 equitans
617 2001 776 2051 super
813 1984 1059 2036 inimicos
1099 2002 1261 2036 meos
1354 1986 1446 2035 aut
1492 1984 1753 2052 numquid
1777 2002 1819 2034 25

67 2056 348 2108 humeris
387 2056 706 2108 inimicis?
747 2057 885 2125 quod
925 2058 970 2108 si
1008 2058 1086 2108 ita
1118 2056 1236 2109 est
1241 2057 1471 2109 inimicis
1496 2058 1753 2110 uectabor

68 2128 326 2181 humeris'
351 2130 742 2199 intellegamus,
761 2131 937 2198 quasi:
964 2148 1123 2199 super
1147 2131 1487 2183 inimicorum
1511 2149 1752 2183 meorum

66 2221 278 2256 umeros
318 2222 408 2255 ero
450 2222 510 2256 66
550 2204 624 2255 316
664 2205 920 2256 uectabor
959 2207 1118 2273 atque
1160 2204 1426 2274 equit-abo.
1551 2205 1618 2257 73
1658 2204 1750 2256 fa-

68 2277 342 2329 stidiosa
388 2277 627 2329 tristis:
674 2278 817 2329 uitae
864 2278 1146 2330 fastidiosa
1201 2279 1417 2331 scilicet.
1516 2282 1570 2330 615
1625 2282 1751 2331 sunt

67 2350 290 2403 ablatiui
353 2369 507 2403 casus
578 2351 877 2404 ‘fastidiosa
929 2352 1296 2421 aegrimonia’.
1451 2354 1519 2404 75
1574 2355 1749 2404 terra
1772 2371 1817 2403 30

185 2516 209 2553 3
242 2511 516 2577 pontificem
549 2512 611 2554 M
713 2517 741 2555 4
772 2513 932 2569 portas
967 2511 1219 2568 esquilinas
1246 2513 1308 2555 M
1412 2517 1436 2556 5
1469 2511 1551 2555 ubi
1580 2512 1749 2555 deleui:

67 2568 135 2612 ibi
169 2584 196 2624 ς
316 2570 365 2612 in
398 2570 582 2626 aggeris
614 2570 802 2627 regione
835 2585 890 2614 ea
919 2584 1024 2614 nos:
1055 2587 1104 2614 in
1136 2571 1384 2628 aggeribus
1415 2571 1678 2627 religiones
1713 2570 1749 2612 &⁷

70 2627 217 2682 Mcf.
252 2629 313 2672 ad
344 2642 436 2683 epo
471 2634 636 2683 5,100
780 2634 804 2673 7
837 2630 1080 2687 poelignas
1114 2631 1177 2673 M
1317 2636 1342 2674 8
1375 2634 1416 2673 et
1450 2634 1501 2672 12
1504 2606 1747 2684 ”pelignas

66 2686 130 2729 M
262 2692 286 2730 9
321 2687 358 2730 81
388 2664 718 2732 bene'ficiorum
752 2689 815 2731 M
954 2694 1008 2732 12
1042 2690 1161 2733 orati
1194 2689 1257 2731 M
1391 2692 1443 2731 15
1475 2689 1684 2741 mertem,
1717 2701 1751 2729 n

62 2758 164 2800 sup.
195 2761 217 2788 r
248 2747 399 2801 scrip„
433 2747 495 2789 M
644 2753 696 2790 17
728 2749 894 2792 6011331
927 2748 990 2791 M
1130 2753 1184 2792 18
1218 2747 1456 2803 subpo&as
1489 2746 1551 2788 M
1693 2750 1746 2789 19

65 2805 341 2860 supediteris
376 2840 385 2849 .
420 2841 428 2849 .
463 2806 697 2850 cruatibus
732 2807 794 2850 M
918 2812 973 2850 23
1006 2806 1210 2851 humeris
1244 2807 1306 2849 M
1435 2809 1491 2847 24
1523 2819 1653 2860 equis
1688 2804 1751 2847 M

183 2869 237 2908 26
276 2865 500 2908 666161101-
537 2864 742 2909 humeris
780 2878 884 2910 nos:
927 2867 1162 2910 uectabor.
1202 2866 1438 2909 uectemus
1480 2864 1542 2906 M
1689 2868 1745 2906 27

62 2935 275 2966 inimicos
322 2936 463 2967 meos.
518 2938 699 2968 umeros
756 2924 818 2967 M
967 2929 1022 2968 29
1076 2926 1249 2969 tristris
1306 2924 1368 2966 M
1501 2922 1750 2967 fastidiosa

66 2980 244 3038 Pauly:
276 2981 517 3027 fastidiose
552 2983 614 3026 M

150 3071 419 3105 Ponpmmiox.
1336 3062 1357 3099 1
1366 3061 1389 3099 2
