1939 3197
148 80 252 131 146
827 77 1078 123 EPODON
1111 84 1151 123 2.

146 217 460 269 animalium
497 233 657 269 uoces
697 218 1076 283 praeterquam
1097 215 1379 268 hominum
1413 216 1674 285 querellas
1708 216 1845 268 dice·
1929 278 1932 282 Α

145 291 295 344 bant.
373 290 600 359 denique
642 292 696 341 et
733 287 1094 358 Uergilius:
1159 288 1240 341 Et
1295 294 1488 342 cantu
1539 291 1844 359 querulae
1930 325 1939 331 -

146 367 453 434 rumpunt
517 364 782 415 arbusta
845 363 1127 431 cicadae,
1188 364 1387 433 inquit,
1459 368 1511 417 et
1573 364 1636 416 de
1697 365 1846 416 ranis
1926 403 1928 405 -

146 438 230 490 Et
267 442 550 491 ueterem
603 438 670 489 in
721 437 873 490 limo
921 456 1114 489 ranae
1156 439 1448 490 cecinere
1490 439 1848 507 querellam
1922 505 1926 507 λ

104 516 204 566 5613
273 513 336 565 (16
405 512 582 564 bubus
667 511 877 580 Atque
949 530 1133 564 omne
1203 513 1512 580 querellis
1590 513 1848 581 impleri

147 605 381 640 nemus.
534 586 603 638 27
682 586 1028 654 fontesque
1106 586 1386 654 lymphis
1458 587 1849 655 obstrepunt

147 661 565 713 manantibus
614 678 872 712 somnos
915 660 1081 729 quod
1119 660 1362 712 inuitet
1399 661 1588 713 leues.
1666 661 1848 713 suauis

149 736 401 788 elocutio:
442 735 622 788 fontes
663 734 983 802 obstrepunt
1023 734 1166 803 quod
1207 753 1427 787 somnos
1466 735 1675 787 inuitet.

148 810 218 862 29
291 813 355 862 at
424 828 560 861 cum
628 809 925 861 tonantis
1007 826 1207 861 annus
1277 808 1587 861 hibernus
1657 808 1850 862 IouiS.

84 907 126 938 10
151 903 355 937 annus
394 884 705 936 hibernus
746 901 843 952 pro
886 882 1197 935 ehibernum
1235 886 1449 952 tempus
1483 882 1656 935 anni'.
1718 887 1852 936 nota

148 962 330 1011 autem
369 957 742 1027 synecdochen
782 976 897 1010 esse
931 976 1135 1009 annum
1174 976 1270 1026 pro
1311 961 1463 1026 parte
1497 958 1627 1009 anni
1662 957 1849 1011 dicere.

151 1033 226 1085 sic
274 1037 328 1085 et
364 1031 721 1101 Uergilius:
792 1030 977 1084 Nunc
1039 1032 1347 1084 frondent
1411 1032 1619 1084 siluae
1681 1050 1850 1084 nunc
1934 1029 1939 1034 ’

147 1107 665 1159 formosissimus
707 1124 929 1158 annus,
1043 1106 1113 1158 33
1154 1109 1264 1157 aut
1304 1106 1498 1158 amite
1537 1106 1668 1158 leui
1707 1125 1852 1158 rara

149 1181 365 1233 tendit
401 1181 586 1233 retia.
663 1180 852 1232 amites
898 1180 1163 1262 hodieque
1212 1180 1553 1263 adpellantur
1600 1180 1853 1250 forculae‚
1920 1180 1922 1182 ’

84 1276 127 1308 15
152 1255 344 1324 quibus
377 1255 513 1307 retia
543 1254 602 1305 in
632 1254 922 1306 uenatione
961 1255 1050 1305 uel
1081 1255 1140 1305 in
1173 1254 1401 1323 aucupio
1437 1254 1852 1322 suspenduntur.

152 1333 206 1382 et
223 1332 304 1381 est
319 1329 496 1399 figura
521 1324 856 1397 επεξηγησις,
870 1347 996 1397 quia
1019 1329 1156 1381 retia
1174 1328 1283 1380 doli
1301 1331 1439 1380 sunt.
1519 1329 1588 1380 39
1624 1327 1854 1397 quodsi

151 1404 386 1472 pudica
424 1403 657 1455 mulier
695 1403 761 1454 in
799 1406 1062 1471 partem.
1138 1421 1252 1455 non
1291 1403 1368 1454 ait
1408 1401 1627 1471 quodsi
1667 1406 1720 1454 et
1758 1422 1853 1471 pu-

153 1478 272 1530 dica
310 1497 445 1531 uxor
481 1477 682 1529 rustico
724 1476 1056 1546 contingat&
1098 1495 1196 1529 nec
1236 1477 1379 1529 enim
1412 1477 1684 1528 existimat
1716 1477 1853 1528 diffi

154 1552 253 1604 cile
293 1570 408 1604 esse
447 1551 706 1603 rusticam
745 1569 967 1604 uxorem
1006 1551 1257 1620 pudicam
1305 1569 1443 1619 esse,
1505 1570 1626 1603 cum
1667 1569 1853 1603 omnes

88 1648 132 1681 20
155 1626 378 1696 pudicas
431 1643 546 1678 esse
592 1625 836 1695 intellegi
882 1625 1027 1677 uelit.
1130 1625 1222 1676 sed
1259 1625 1363 1677 hoo
1404 1625 1502 1676 ait:
1574 1625 1764 1693 quodsi
1803 1629 1857 1676 et

154 1719 377 1753 uxorem
412 1700 628 1768 habeat,
669 1718 803 1768 quae
837 1699 1040 1768 alioqui
1060 1699 1257 1768 pudica
1283 1702 1377 1750 est.
1455 1702 1637 1767 potest
1676 1703 1856 1751 autem

153 1776 338 1843 utique
380 1774 618 1826 accidere
668 1773 903 1839 [idioma.
997 1777 1051 1825 et
1102 1776 1183 1825 est
1234 1773 1564 1825 consuetudo
1616 1774 1856 1842 rustica]‚

154 1853 217 1901 ut
256 1868 391 1901 uxor
429 1867 543 1901 non
583 1848 666 1916 sit,
706 1848 794 1899 uel
833 1848 959 1917 quia
997 1848 1240 1899 nondum
1279 1847 1439 1899 ducta
1480 1851 1562 1899 est
1601 1848 1689 1899 uel
1730 1848 1856 1916 quia

157 1924 337 1992 aliquo
395 1941 522 1975 casu
577 1922 829 1991 adempta
883 1925 978 1974 est.
1113 1922 1184 1973 43
1257 1940 1504 1973 sacrum
1573 1922 1856 1973 uetustis

89 2018 133 2051 25
158 2000 415 2050 extruat
474 1997 675 2066 lignis
737 1996 962 2049 focum.
1044 1996 1260 2064 proprie
1299 1996 1403 2047 hoc
1440 1997 1673 2048 rusticae
1712 1996 1856 2047 uitae

157 2075 240 2125 est
278 2071 459 2125 focum
507 2089 701 2122 amare.
795 2089 1047 2123 sacrum
1110 2073 1289 2122 autem
1351 2070 1505 2139 dixit,
1577 2071 1703 2138 quia
1765 2088 1859 2121 ara

159 2147 381 2200 deorum
434 2148 692 2214 penatum
740 2149 821 2196 est
866 2145 1034 2201 focus
1148 2145 1235 2196 47.
1306 2147 1367 2196 et
1419 2144 1626 2197 horna
1688 2144 1859 2196 dulci

158 2220 312 2273 uina
357 2238 657 2288 promens
708 2219 896 2272 dolio.
974 2219 1179 2271 horna
1218 2219 1369 2270 uina
1410 2219 1661 2271 dicuntur
1697 2218 1858 2270 huius

163 2294 306 2346 anni.
383 2311 495 2345 non
558 2310 684 2362 ergo
743 2292 911 2345 ‘dulci
967 2292 1137 2346 dolio'
1192 2296 1254 2345 ut
1324 2292 1525 2345 dictum
1595 2296 1698 2361 6613,
1768 2293 1860 2345 sed

281 2459 306 2497 2
341 2452 506 2510 Georg.
542 2458 581 2509 3,
616 2458 714 2497 328.
753 2459 790 2508 1,
825 2458 925 2497 378.
1049 2455 1161 2498 Aen.
1195 2458 1236 2508 8,
1271 2458 1356 2496 215
1483 2458 1534 2496 12
1584 2453 1692 2497 Buo.
1727 2459 1768 2508 3,
1803 2458 1857 2496 57

283 2593 308 2631 3
341 2591 562 2644 rumpent
605 2586 835 2643 Ueryilius
933 2591 961 2629 4
992 2600 1102 2630 rane
1138 2586 1201 2630 M
1266 2592 1291 2630 7
1324 2587 1561 2631 mantibus
1597 2586 1660 2629 M
1717 2587 1859 2630 leues.

163 2648 222 2691 IL
287 2647 452 2691 Suauis
487 2647 550 2689 M
674 2651 700 2690 8
735 2646 939 2689 610611610
974 2646 1036 2689 M
1131 2652 1156 2690 9
1191 2647 1274 2689 aut
1307 2647 1370 2689 M
1468 2652 1520 2689 11
1555 2645 1862 2690 smecdochen

167 2707 231 2750 M
350 2711 403 2749 13
437 2706 601 2749 amitte
635 2705 699 2748 M
854 2710 909 2748 14
948 2718 1073 2749 recia
1107 2705 1170 2748 M
1196 2710 1262 2749 ter
1355 2705 1620 2762 apellantur
1654 2705 1717 2748 M
1734 2720 1738 2724 ’

169 2771 223 2809 16
273 2765 613 2809 ΕΦΕΞΗΓΗΕΙΕ
646 2764 709 2806 M
840 2763 938 2808 doh
977 2766 1085 2807 sunt
1124 2778 1178 2808 ex
1210 2765 1375 2808 dolunt
1406 2778 1521 2809 corr.
1553 2780 1609 2808 m.
1642 2768 1683 2808 1.
1717 2765 1770 2807 in
1803 2764 1866 2807 M

290 2829 342 2868 17
375 2826 489 2868 nota
519 2824 570 2867 id
601 2823 939 2879 quodfflquodffl
971 2823 1035 2866 M
1153 2829 1206 2867 21
1235 2838 1375 2880 quae:
1410 2839 1492 2880 qui
1525 2824 1588 2867 M
1676 2828 1730 2866 22
1754 2824 1863 2867 haec

169 2897 283 2939 quae
316 2884 378 2927 ad
408 2884 496 2927 sch.
530 2898 575 2926 u.
616 2886 676 2926 47
716 2883 951 2938 adscripta
990 2888 1121 2926 erant
1160 2884 1213 2926 in
1257 2884 1463 2940 maoyine
1503 2883 1669 2927 codicis
1714 2883 1863 2926 arche-

173 2943 289 2998 typi,
320 2943 467 2986 deleui
497 2956 597 2986 cum
629 2943 724 2986 cod.
758 2941 907 2996 Guelf.
1031 2947 1089 2985 24
1122 2944 1211 2986 est:
1245 2944 1306 2987 6113
1340 2943 1403 2986 Μ
1517 2947 1572 2986 28
1606 2955 1720 2986 orna
1750 2955 1863 2985 uina

174 3000 238 3043 M
354 3006 409 3044 29
443 3001 950 3058 nonerergodultiohdo
986 3001 1049 3044 M
