1939 3197
590 87 890 132 EPISTULA
920 88 956 144 1,
992 93 1060 143 1s,
1093 92 1282 132 26-36,
1670 88 1776 140 297

96 222 241 274 uitiis
305 222 511 275 auctior
573 221 640 273 ad
700 223 1029 290 peccandum
1099 240 1259 291 quam
1330 222 1529 275 amicus
1590 224 1781 278 minor.

246 296 315 348 26
371 313 438 348 ac
493 296 699 347 ueluti
745 296 848 364 pia
887 299 1102 348 mater.
1179 295 1311 347 mire
1352 296 1655 365 superbiam
1703 298 1778 349 di-

95 369 223 421 uitis
261 370 350 437 pio
391 369 663 439 mitigauit
702 371 957 438 exemplo.
1018 371 1094 438 id,
1139 370 1336 438 inquit,
1375 370 1555 438 potior
1579 371 1778 423 amicus

94 446 148 494 te
187 443 305 494 uult
345 461 457 495 esse
499 443 639 511 quod
679 446 851 495 mater
889 443 1082 511 filium⁷
1134 443 1236 495 hoc
1278 447 1379 511 est,
1430 444 1778 513 integriorem

95 536 126 568 a
166 534 220 568 se
259 517 536 586 magisque
577 517 888 585 sapientem.
988 518 1056 569 28
1115 520 1174 568 et
1229 517 1319 568 ait
1368 536 1564 586 prope
1612 534 1823 571 uera.5

91 590 250 658 bene,
305 590 446 658 quod
505 591 666 642 stulte
714 591 861 643 diues
917 591 979 642 de
1033 610 1087 642 se
1135 591 1360 660 cogitat,
1410 591 1464 642 id
1501 594 1682 644 tamen
1721 593 1779 644 in

92 681 325 732 paupere
363 682 550 716 uerum
599 682 711 716 esse
753 665 1109 732 demonstrat3
1172 665 1330 716 simul
1383 683 1479 733 per
1531 666 1779 718 mimesin

89 737 397 805 loquentem
438 738 658 790 diuitem
696 738 840 790 facit.
947 739 1016 790 29
1052 738 1400 790 stultitiam
1440 739 1779 806 patiuntur

97 829 262 878 opes
341 812 554 879 opibus,
615 812 812 879 inquit,
876 829 1169 879 conpenSO,
1233 830 1352 863 cum
1409 813 1603 864 stultus
1645 832 1778 865 sum.

90 885 261 936 simile
300 885 431 936 illud
458 888 540 937 est
564 882 886 936 Sallustii:
929 883 1086 946 Quia
1126 885 1441 936 secundae
1481 904 1580 937 res
1620 887 1776 938 mire
1804 904 1847 935 ιο

91 961 240 1009 sunt
300 959 483 1011 uitiis
547 958 858 1010 obtentui.
980 959 1052 1011 30
1115 961 1252 1010 arta
1314 959 1494 1011 decet
1556 978 1777 1012 sanum

87 1035 253 1101 toga.
333 1035 450 1084 arta
473 1036 618 1101 toga,
644 1051 779 1101 quae
804 1033 901 1084 bis
928 1037 1001 1084 ter
1024 1033 1315 1084 ulnarum
1356 1051 1467 1085 non
1508 1033 1590 1100 sit,
1630 1037 1690 1086 ut
1719 1035 1777 1085 in

89 1106 272 1174 epodis
328 1107 474 1157 dixit.
550 1125 647 1174 pro
705 1106 896 1174 opibus
952 1107 1095 1158 enim
1149 1109 1355 1158 ueteres
1410 1125 1636 1176 magnas
1690 1109 1778 1159 uel

0 1231 4 1233 ,
86 1197 282 1247 paruas
321 1179 629 1231 habuerunt
673 1183 844 1249 togas,
953 1178 1199 1232 Cicero:
1262 1179 1444 1232 Uelis
1485 1182 1776 1249 amictOS,

85 1271 213 1306 non
251 1254 439 1322 togis
524 1254 592 1306 31
657 1253 1047 1322 Eutrapelus
1105 1254 1477 1322 cuicumque
1531 1273 1775 1307 nocere.
1801 1270 1847 1303 15

87 1325 415 1395 Eutrapelus
449 1326 550 1396 hie,
589 1330 651 1379 ut
675 1331 921 1396 apparet,
961 1328 1472 1396 corrumpendorum
1496 1328 1776 1380 hominum

86 1401 309 1453 callidus
349 1401 453 1453 fuit
492 1402 647 1469 adeo,
708 1405 769 1452 ut
820 1402 980 1453 sciret
1026 1420 1143 1453 cum
1184 1401 1374 1453 habitu
1414 1405 1468 1453 et
1507 1403 1653 1455 cultu
1693 1422 1775 1455 so-

84 1475 193 1526 lere
250 1475 429 1527 stultis
481 1476 719 1527 animum
773 1494 983 1544 quoque
1038 1476 1250 1527 mutari.
1351 1476 1449 1527 cui
1511 1494 1775 1545 cumque

35 1605 40 1608 ,
83 1567 312 1601 nocere
352 1549 638 1601 uolebat:
688 1567 1073 1617 quemcumque
1121 1567 1459 1618 corrumpere
1500 1550 1775 1602 uoluisset.

235 1623 305 1674 32
360 1623 587 1674 beatus
638 1623 803 1674 enim
843 1623 979 1674 iam.
1057 1624 1286 1675 beatus
1327 1641 1438 1676 non
1478 1642 1626 1691 uere,
1681 1625 1773 1676 sed
1799 1640 1846 1671 20

85 1696 175 1764 qui
216 1696 316 1748 sibi
355 1697 546 1749 beatus
585 1697 798 1748 uidetur
838 1715 900 1755 ex
931 1697 1170 1765 pulchris
1194 1697 1449 1749 uestibus,
1565 1698 1634 1750 33
1677 1717 1775 1750 su·

8 1813 19 1817 ,
83 1773 216 1821 met
265 1789 431 1822 noua
482 1771 760 1823 consilia
799 1774 860 1822 et
900 1789 1057 1840 spes.
1133 1770 1535 1839 perturbabitur
1575 1772 1777 1824 scilicet

84 1847 139 1895 et
178 1862 240 1895 ex
278 1844 469 1896 habitu
509 1863 684 1897 mores
725 1845 882 1896 ducet
911 1845 1108 1913 fietque
1135 1845 1405 1896 delicatus
1522 1846 1594 1897 34
1634 1846 1774 1898 dor-

82 1918 237 1969 miet
276 1918 340 1970 in
377 1919 580 1969 lucem
619 1918 723 1970 hoc
764 1922 863 1969 est:
903 1937 1015 1970 non
1054 1918 1333 1987 euigilabit
1370 1936 1469 1970 nec
1502 1919 1774 1971 elucubra-

90 1990 183 2042 bit.
299 1991 371 2043 34
435 1995 646 2043 scorto
698 1994 902 2059 postp.
953 1991 1004 2043 h.
1061 1992 1233 2044 carius
1281 1992 1360 2043 illi
1400 1993 1501 2043 erit
1539 1995 1773 2044 scortum
1798 2009 1847 2042 25

84 2068 138 2116 et
170 2065 376 2117 dulcius
409 2065 708 2117 honestate.
815 2065 886 2117 35
919 2083 1203 2117 nummos
1244 2065 1489 2118 alienos
1528 2070 1772 2134 pascet:

81 2138 448 2190 faenerabitur
510 2142 562 2190 et
622 2139 785 2191 faciet
840 2157 928 2190 aes
992 2139 1225 2190 alienum
1286 2139 1463 2191 usuris
1526 2157 1773 2192 crescere.

231 2212 304 2265 35
344 2213 417 2264 ad
457 2213 669 2264 imum:
711 2213 777 2264 ad
816 2216 1160 2281 postremum.
1268 2213 1338 2265 36
1380 2213 1588 2265 Thrax
1627 2215 1772 2266 erit:

85 2287 453 2339 auctorabitur
493 2305 548 2339 se
586 2287 642 2338 in
682 2286 892 2355 ludum,
945 2290 1007 2338 ut
1046 2287 1314 2356 gladiator
1355 2287 1439 2339 sit.
1553 2288 1623 2340 36
1666 2292 1774 2340 aut

78 2359 386 2413 holitoris
427 2363 587 2430 aget.
667 2360 893 2429 satyrice
933 2361 1143 2412 inuenit
1182 2360 1549 2413 sordidissima
1587 2362 1770 2414 futuro
1795 2379 1842 2411 31>

0 2466 6 2470 -
80 2435 449 2487 mercennario
511 2437 636 2503 post
695 2434 915 2486 beatum
975 2435 1243 2486 incessum
1305 2436 1613 2504 cultumque
1666 2436 1772 2487 lae-

78 2509 300 2559 tantem.
377 2512 430 2559 et
468 2511 753 2576 utrumque
791 2509 899 2560 tale
941 2511 1042 2576 est,
1097 2508 1239 2576 quod
1291 2509 1361 2560 sit
1408 2509 1772 2578 spectaculum

200 2658 253 2696 10
285 2653 403 2697 Hist.
436 2653 600 2709 fragm.
638 2659 676 2708 1,
709 2658 780 2708 45,
815 2658 870 2696 24
973 2658 1027 2696 12
1066 2654 1180 2710 Epo.
1213 2658 1254 2709 4,
1288 2659 1314 2698 8
1412 2659 1466 2697 14
1506 2652 1604 2697 Cat.
1639 2659 1678 2708 2,
1713 2658 1770 2697 22

197 2776 218 2813 1
254 2783 456 2813 am1cum
489 2771 552 2814 M
639 2776 664 2814 3
696 2770 745 2814 id
778 2772 943 2815 addidi
1035 2776 1063 2814 4
1094 2771 1395 2828 integriorem
1427 2784 1532 2815 nos:
1578 2772 1766 2815 interlo-

74 2842 172 2872 rem
207 2829 268 2872 M
358 2835 382 2874 6
413 2829 463 2872 id
492 2831 653 2873 tamen
683 2844 788 2873 nos:
820 2830 1041 2874 adtamen
1074 2831 1137 2874 M
1225 2836 1252 2875 8
1283 2831 1530 2888 pat1antur
1562 2830 1625 2873 M
1714 2835 1771 2873 10

0 2925 3 2928 ,
78 2887 180 2932 sall.
215 2923 223 2932 .
263 2925 271 2933 .
303 2901 422 2947 mire
456 2888 519 2931 M
635 2889 751 2932 mire
785 2904 813 2944 ς
922 2894 974 2933 12
1005 2891 1079 2933 ter
1110 2890 1275 2934 addidi
1398 2894 1450 2932 13
1484 2889 1675 2946 exp0d1s
1709 2889 1775 2932 M

0 3041 27 3099 ὲ

0 3095 43 3197 ἱ
68 3187 70 3190 ,

196 2952 251 2990 14
283 2961 364 2991 cic.
399 2947 462 2990 M
564 2952 620 2991 28
651 2950 755 2991 trax
787 2948 850 2991 M
952 2953 1007 2991 31
1039 2948 1296 2993 lactantem
1329 2948 1391 2991 M
1479 2953 1534 2991 32
1567 2948 1770 2992 &uerum

0 3014 21 3034 ²-
75 3019 165 3060 que
196 3006 293 3050 tale
325 3008 395 3050 est
426 3006 552 3062 quod
583 3009 645 3050 eit
675 3007 890 3063 peculum
926 3007 997 3063 M,
1031 3021 1144 3051 corr.
1182 3007 1324 3051 Orelli
