1939 3197
169 142 278 196 324
637 141 938 186 EPISTULA
968 141 1025 197 II,
1060 146 1100 198 1,
1135 145 1381 185 199—213.

165 281 213 333 si
246 299 278 332 a
307 279 463 331 uultu
493 278 682 348 populi
713 295 856 330 uana
886 277 1134 329 mirantis
1169 277 1352 330 oculos
1389 277 1456 329 ad
1486 279 1675 346 poetas
1717 294 1859 330 scae-

166 354 316 406 nicos
354 353 610 405 uertisset
648 352 1060 420 pronuntiantes
1095 351 1424 416 comoediam
1450 351 1860 420 spectatoribus,

169 447 397 498 quorum
434 428 614 479 nullus
656 425 934 494 adtendat,
980 428 1042 477 ut
1090 425 1288 478 audiat.
1443 426 1546 478 199
1599 443 1862 479 narrare

169 505 445 571 putaret.
507 501 679 553 multa
713 500 868 553 dixit:
901 500 1213 552 fabellam
1246 502 1300 551 et
1334 501 1533 552 asello
1569 503 1622 552 et
1658 499 1862 553 surdO.

127 593 147 625 5
322 577 432 629 200
464 576 861 642 peruincere:
900 576 973 628 sic
1011 573 1394 626 Uincentem
1444 575 1758 643 strepitus
1800 574 1864 626 de

170 650 401 703 iambico
441 650 665 719 tragico.
780 650 889 701 202
930 647 1296 718 Garganum
1342 649 1602 718 mugire.
1678 650 1864 701 tantus

170 725 357 793 populi
395 725 581 793 fragor
621 727 703 776 est
741 725 800 775 in
840 723 1188 792 deposcendis
1228 741 1493 775 uanarum
1531 741 1711 776 rerum
1749 740 1864 791 spe-

173 798 411 868 ctaculiS,
451 801 511 850 ut
543 798 773 867 Apuliae
813 798 1015 851 montis
1050 796 1289 867 Gargani
1330 798 1494 850 siluas
1534 797 1742 867 mugire
1779 798 1868 849 uel

172 873 344 925 undas
399 874 623 924 fremere
678 875 834 941 putes
898 872 1058 924 Tusci
1112 872 1275 924 maris
1285 915 1299 941 ,
1361 890 1473 924 non
1535 890 1721 924 auram
1781 872 1866 923 uel

109 966 150 997 10
176 947 435 1017 suffragia
476 950 854 1015 spectatorum.
970 946 1077 999 203
1119 949 1182 998 et
1222 949 1393 999 artes
1442 946 1867 1015 diuitiaeque,

171 1040 281 1074 non
321 1021 488 1091 igitur
520 1021 842 1074 comoediae.
958 1021 1068 1072 204
1108 1021 1377 1073 oblitus:
1417 1020 1653 1090 undique
1689 1038 1866 1089 super-

172 1097 327 1148 fusus
369 1098 422 1147 et
462 1099 701 1148 ornatus
801 1093 911 1146 205
950 1095 1188 1147 laeuae.
1250 1096 1294 1147 it
1329 1095 1561 1162 populus
1601 1094 1659 1145 in
1690 1094 1871 1163 ipsum

175 1170 551 1238 proscaenium
590 1172 651 1221 ut
688 1187 856 1238 paene
898 1171 1209 1221 occurrente
1251 1169 1354 1221 sibi
1395 1169 1582 1221 dextra
1611 1169 1871 1237 laeuaque

176 1244 379 1313 populo
418 1244 670 1296 histrioni
708 1244 857 1297 locus
899 1243 1188 1296 auferatur.
1302 1243 1410 1296 206
1460 1242 1626 1294 dixit
1666 1242 1871 1294 adhuc

115 1336 156 1369 15
181 1318 450 1388 aliquid.
504 1318 648 1371 bono
692 1317 972 1371 stomacho
1012 1319 1046 1383 †
1087 1318 1239 1387 quasi
1280 1317 1426 1370 dixit.
1480 1319 1551 1370 ad
1585 1316 1690 1370 hoc
1729 1317 1872 1369 enim

173 1392 452 1462 processit,
492 1395 555 1444 ut
595 1393 684 1459 [si]
728 1393 940 1460 diceret,
979 1410 1092 1444 non
1129 1395 1190 1444 ut
1229 1392 1499 1444 uideretur
1538 1393 1766 1444 tantum.

175 1468 282 1520 206
330 1467 499 1519 nihil
549 1485 715 1519 sane.
808 1465 1185 1535 respondentis
1236 1469 1316 1519 est
1371 1469 1424 1518 et
1469 1466 1666 1518 iterum
1722 1464 1873 1535 quid

173 1540 438 1594 Horatius
481 1541 623 1593 dicit.
761 1541 867 1593 207
910 1541 1061 1593 lana
1100 1540 1474 1593 Tarentino
1574 1559 1687 1593 non
1727 1556 1873 1609 ergO,

175 1615 365 1685 inquit,
405 1616 464 1667 in
504 1616 748 1668 scaenico
791 1634 877 1667 ars
919 1616 1056 1683 sola,
1099 1614 1191 1667 sed
1230 1615 1397 1668 uestis
1436 1615 1627 1683 placet.
1764 1614 1872 1666 208

110 1710 152 1742 20
178 1707 247 1742 ac
285 1708 362 1741 ne
409 1690 584 1742 forte
637 1692 850 1758 putes:
897 1706 960 1741 ne
995 1694 1147 1756 putes
1194 1689 1314 1741 aliis
1362 1692 1504 1742 recte
1551 1687 1873 1741 facientibus

177 1764 247 1832 id,
289 1764 431 1833 quod
471 1781 571 1832 ego
610 1782 721 1816 non
751 1764 964 1832 faciam,
995 1763 1271 1815 ludentem
1296 1782 1380 1815 me
1412 1763 1552 1815 uelle
1578 1762 1871 1830 detrahere,
1909 1778 1919 1788 ·

180 1855 280 1908 ego
330 1841 384 1889 et
430 1838 595 1889 miror
643 1841 697 1889 et
734 1838 980 1907 praefero
1020 1840 1240 1905 poetam
1277 1838 1543 1907 tragicum
1583 1837 1670 1888 uel
1710 1836 1872 1889 comi-

179 1930 321 1980 cum,
372 1912 474 1964 etsi
520 1912 651 1964 haec
697 1915 951 1980 poemata
996 1912 1112 1979 ipse
1153 1930 1264 1963 non
1303 1911 1458 1964 facio,
1611 1911 1720 1963 210
1758 1910 1873 1961 ille

178 2004 290 2055 per
329 1989 681 2038 extentum:
722 1986 856 2037 mihi
894 1985 1105 2037 uidetur
1136 2004 1249 2037 rem
1284 1985 1653 2037 difficillimam
1684 1984 1874 2036 facere.

113 2080 155 2113 25
181 2063 234 2111 et
281 2063 363 2113 est
403 2060 532 2113 ordo
575 2061 602 2091 ²³⁶
645 2061 688 2112 ²³⁴.
825 2058 929 2112 211
980 2062 1174 2128 poeta
1220 2078 1422 2112 meum
1471 2059 1578 2128 qui
1624 2061 1874 2127 pectus:

182 2135 274 2204 qui
312 2137 582 2203 potestate
625 2134 878 2187 carminis
919 2134 1227 2186 moderatur
1268 2134 1564 2186 adfectibus
1604 2132 1753 2184 meis,

181 2209 288 2260 213
344 2211 414 2260 ut
467 2226 718 2278 magus:
767 2212 909 2261 recte
960 2225 1205 2278 maguS,
1256 2209 1382 2277 quia
1428 2208 1636 2260 faciunt
1685 2208 1876 2275 poetae

302 2345 327 2383 5
360 2342 448 2387 Ars
481 2355 525 2396 p.
561 2345 617 2383 82

304 2456 326 2493 1
362 2450 400 2494 si
432 2450 597 2495 addidi
628 2453 669 2494 et
707 2452 871 2507 poetas
911 2451 1267 2507 pronuntiantes
1308 2447 1650 2506 spectatoribus
1690 2446 1878 2503 scripsi:

182 2511 371 2566 petasos
425 2511 775 2566 pronuntiantis
831 2511 1109 2566 spectatoris
1151 2510 1233 2563 M,
1281 2509 1387 2552 item
1441 2511 1493 2551 ut
1547 2519 1630 2551 ‘nos
1683 2507 1879 2550 correxit

186 2569 455 2624 Petscheniy
487 2569 677 2612 Zeitsch.
709 2569 745 2623 f.
777 2570 819 2614 d.
855 2573 1031 2613 oesterr.
1066 2568 1230 2625 Gywm.
1263 2571 1402 2623 1868,
1428 2581 1479 2622 p.
1513 2569 1631 2620 649,
1661 2566 1739 2610 sed
1769 2566 1878 2609 ante

186 2628 474 2684 spectatores
506 2629 671 2672 maluit
830 2633 858 2671 4
889 2629 1028 2684 putat
1061 2628 1125 2671 M
1280 2626 1472 2671 surdum
1505 2626 1569 2669 Μ
1716 2629 1741 2668 5
1773 2625 1881 2669 haec

185 2687 352 2731 addidi
506 2692 531 2731 6
563 2688 723 2731 tantos
755 2688 956 2744 populos
989 2691 1029 2730 et
1058 2700 1305 2730 lanuarum
1338 2686 1402 2729 M
1549 2689 1575 2729 9
1607 2685 1744 2741 putes
1776 2696 1881 2729 snos:

187 2746 225 2789 sc
257 2745 321 2790 M
470 2752 525 2790 10
558 2745 780 2802 suffragia
812 2748 1130 2803 spectatorum
1161 2759 1267 2790 ⁹208:
1298 2744 1548 2801 naufragla
1578 2744 1882 2800 peccaturum

188 2805 252 2848 M
403 2811 455 2849 11
496 2805 559 2849 1d.
600 2805 815 2862 perfusus
847 2807 1069 2862 pernatus
1103 2805 1185 2849 M:
1217 2804 1486 2861 superfusus
1518 2804 1567 2847 et
1595 2815 1692 2857 2203,
1723 2815 1882 2860 peror-

187 2865 326 2908 natus
359 2864 574 2909 Hauthal
718 2870 770 2907 12
802 2865 965 2908 laeuus
998 2865 1063 2908 M
1200 2864 1240 2908 it
1271 2864 1435 2908 addidi
1579 2867 1634 2905 14
1665 2860 1884 2905 histrioni

186 2922 317 2966 locus
348 2936 455 2968 ‘no-3:
486 2924 793 2968 histrrombus
828 2924 891 2966 M
1049 2928 1101 2968 15
1135 2923 1196 2968 ad
1226 2923 1391 2967 addidi
1569 2926 1626 2965 20
1658 2934 1716 2965 ne
1746 2920 1883 2976 putes

188 2981 353 3026 addidi
507 2988 561 3027 21
594 2982 836 3027 ludentem
865 2996 941 3026 me
972 2996 1077 3028 nos:
1108 2983 1267 3027 ludem
1300 2982 1374 3035 M,
1405 2981 1534 3026 laudi
1566 2995 1594 3035 ς
1736 2978 1881 3023 uelles

188 3043 398 3107 retrahere
431 3065 495 3107 M
612 3067 668 3108 27
701 3063 875 3108 fatiunt
907 3064 972 3107 M
