1939 3197
558 123 758 171 SERMO
790 128 845 184 ΙΙ,
878 135 918 186 3,
952 135 1200 176 240—272.
1600 139 1711 192 257

17 254 214 306 dicitur
246 255 416 309 decies
457 261 760 314 sestertium
800 266 1109 333 concupisse
1135 287 1240 320 una
1264 269 1399 323 hora
1424 273 1702 329 absumere

19 330 180 396 atque
234 330 311 382 ita
357 330 517 384 bacas
557 332 822 388 detractas
862 340 1016 391 uxori
1052 339 1300 396 Metellae
1338 345 1395 396 in
1435 350 1586 401 aceto
1627 350 1700 402 di-

18 402 197 454 luisse.
274 404 336 455 de
376 404 477 458 hoc
517 406 803 462 Maeuius
850 416 1010 479 poeta
1050 416 1255 485 scribit,
1296 418 1358 470 de
1399 438 1502 489 quo
1543 421 1699 476 Uer-

17 476 240 544 gilius:
280 477 464 531 Amet
502 483 611 533 tua
651 485 936 538 carmina
975 487 1197 542 Maeui.
1295 493 1405 546 240
1447 496 1701 550 scilicet

18 552 86 600 ut
126 549 378 604 deciens
421 554 691 608 solidum
732 558 1111 613 absorberet
1151 569 1349 618 aceto.
1404 570 1699 625 solidum:
1726 590 1746 621 5

17 622 301 693 integrum.
415 628 523 680 244
586 633 646 681 et
697 650 906 685 amore
957 638 1300 704 gemellum
1338 659 1458 708 pro:
1495 647 1701 713 gemel-

14 696 204 750 lorum.
319 701 427 753 245
496 703 766 771 inpenso
828 709 1142 775 prandere
1205 719 1546 784 coemptas,
1609 720 1702 772 in-

14 788 213 837 penso
253 792 351 841 pro
392 794 589 845 magno
628 780 825 846 posuit.
941 782 1046 835 246
1112 803 1411 853 quorsum
1466 791 1703 845 abeant

15 846 169 897 sani.
233 865 558 915 quorsum:
610 853 666 903 in
717 871 878 921 quam
927 860 1138 923 partem
1189 860 1479 915 discedant.
1594 867 1699 919 247

15 916 79 969 (16
120 921 464 975 amatoribus.
563 925 668 977 247
712 927 1067 982 aedificare
1108 949 1304 986 casaS.
1351 936 1483 990 haec
1525 941 1702 992 omnia
1727 959 1769 990 10

14 992 248 1046 infantes
274 995 494 1048 faciunt.
609 1000 716 1052 248
759 1001 977 1054 111(161·6
1017 1023 1132 1073 par
1169 1007 1374 1077 inpar.
1451 1013 1544 1063 uni
1585 1014 1704 1067 duo.

168 1068 274 1120 249
340 1073 621 1124 amentia
675 1079 914 1127 uerset:
978 1079 1082 1130 alio
1142 1083 1362 1134 nomine
1414 1088 1705 1140 amentiam

14 1158 168 1192 suam
206 1144 455 1210 appellet.
573 1146 680 1199 250
744 1149 796 1200 si
834 1152 1158 1218 puerilius
1198 1155 1298 1208 his
1338 1160 1508 1212 ratio
1550 1179 1705 1214 esse.

14 1213 62 1265 si
102 1215 344 1282 optinere
383 1221 620 1286 potuerit
657 1223 912 1289 puerilius
953 1243 1066 1278 esse
1107 1246 1286 1282 amare
1327 1250 1487 1300 quam
1526 1235 1705 1288 ludere

12 1289 206 1355 puerili
244 1290 453 1344 ratione
492 1295 526 1359 ’ἶ-
566 1295 762 1348 editam
814 1301 956 1350 esset
1009 1300 1062 1352 id
1103 1306 1184 1353 est
1224 1307 1514 1359 amentiam
1556 1327 1706 1362 suam
1734 1326 1775 1357 15

11 1364 130 1413 tum
171 1368 399 1417 excuset.
536 1367 646 1420 254
706 1373 996 1425 mutatus
1052 1374 1371 1431 Polemon.
1448 1381 1708 1436 Polemon

12 1434 116 1487 fuit
155 1436 502 1493 Atheniensis
564 1443 770 1496 iuuenis
833 1445 1137 1501 luxuriosus
1187 1454 1239 1502 et
1284 1453 1539 1521 perditus,
1618 1459 1708 1526 qui

9 1527 132 1561 cum
208 1513 617 1568 comisabundus
692 1518 958 1572 incederet
1026 1541 1121 1590 per
1189 1526 1397 1595 urbem,
1496 1530 1709 1583 audisse

5 1583 184 1635 ‘fertur
224 1604 250 1637 e
275 1589 519 1654 proximo
559 1589 875 1645 Xenocratis
915 1613 1102 1648 uocem
1143 1597 1484 1667 disputantis·
1523 1604 1710 1656 deinde

13 1657 265 1711 introisse
308 1661 374 1713 ad
415 1662 783 1735 deridendum,
830 1671 891 1719 ut
930 1672 1045 1721 erat
1086 1676 1371 1727 coronatus
1410 1681 1706 1746 unguenta·
1733 1695 1775 1726 20

13 1734 220 1800 tusque.
299 1752 404 1803 quo
466 1737 583 1790 uiso
641 1757 801 1792 senex
862 1746 1230 1810 perseuerauit
1283 1751 1336 1800 et
1374 1749 1617 1804 inuectus
1655 1754 1711 1805 in

13 1805 282 1859 luxuriam
321 1810 501 1880 coegit
538 1811 884 1867 Polemonem
939 1819 1213 1885 paenitere
1269 1823 1349 1874 sui
1393 1827 1446 1875 et
1485 1843 1710 1879 coronas

12 1879 223 1932 abicere
264 1887 589 1954 sumptoque
628 1888 942 1958 philosophi
981 1891 1172 1945 habitu
1205 1898 1390 1949 tantus
1416 1898 1499 1950 uir
1521 1904 1712 1967 postea

14 1953 135 2021 fuit,
190 1958 251 2007 ut
290 1956 482 2026 dignus
522 1960 860 2015 existimatus
902 1964 997 2033 sit,
1060 1968 1149 2034 qui
1188 1967 1477 2023 Xenocrati
1534 1991 1711 2026 succe-

10 2026 174 2079 deret.
290 2030 397 2083 255
451 2031 765 2088 fasciolas
822 2038 1072 2090 cubita]
1119 2041 1376 2095 focalia.
1454 2049 1547 2098 aut
1586 2048 1710 2099 alle·
1735 2062 1778 2095 25

11 2101 226 2169 goricos
266 2106 543 2174 tamquam
584 2107 646 2159 de
686 2127 847 2179 aegro
887 2111 1018 2164 haec
1055 2117 1148 2165 aut
1181 2116 1306 2184 quia
1332 2119 1506 2171 solent
1530 2139 1710 2173 aman-

14 2179 98 2226 tes
160 2176 294 2228 talia
347 2178 582 2250 insignia
645 2186 884 2253 gestare,
947 2189 1008 2238 ut
1061 2189 1386 2244 mulierculis
1449 2194 1713 2261 placeant.

162 2250 271 2303 262
309 2270 424 2305 nec
463 2273 630 2308 nunc
671 2275 806 2309 cum
845 2277 936 2311 me
976 2266 1164 2314 uocet
1202 2265 1391 2317 ultro,
1445 2270 1593 2320 totus
1625 2268 1713 2321 hic

10 2322 161 2374 locus
217 2324 280 2377 de
320 2325 630 2382 Eunucho
688 2331 984 2385 Terentii
1024 2338 1121 2387 est.
1235 2338 1344 2390 272
1385 2341 1535 2409 quid
1577 2360 1713 2395 cum

9 2394 264 2450 Picenis
305 2418 670 2471 excerpens.
723 2406 898 2458 solent
939 2412 1179 2462 amantes
1208 2413 1415 2466 semina
1447 2432 1510 2466 ex
1549 2417 1707 2468 malis
1732 2433 1776 2464 30

137 2518 162 2556 3
195 2514 304 2559 Buc.
338 2522 379 2570 3,
414 2523 469 2562 90
589 2524 644 2564 29
677 2521 793 2566 Eun.
829 2529 850 2566 1

138 2636 163 2674 2
195 2631 395 2678 deluisse
431 2636 492 2679 M
611 2643 636 2682 3
670 2639 728 2683 de
762 2654 853 2695 quo
885 2646 963 2685 etc.
1003 2643 1111 2687 haec
1144 2658 1316 2700 parum
1348 2652 1459 2704 apta
1489 2650 1713 2693 sementia

17 2689 126 2742 fort.
160 2691 295 2735 illata
326 2696 390 2736 est
420 2708 475 2738 ex
504 2695 623 2752 Epo.
658 2703 733 2752 10,
764 2704 790 2742 1
892 2706 917 2743 5
951 2701 1212 2748 absorder&
1244 2706 1308 2748 M
1413 2712 1437 2750 9
1468 2721 1621 2751 msam
1655 2709 1718 2751 M

133 2754 186 2793 10
236 2750 292 2794 (16
327 2754 614 2800 amatoribus
659 2758 733 2802 hic
769 2760 934 2813 posui:
972 2766 1093 2816 post.
1133 2764 1221 2807 sch.
1255 2778 1300 2808 u.
1334 2769 1428 2809 245
1461 2770 1525 2809 est
1554 2768 1607 2809 in
1639 2768 1714 2820 M,

5 2820 93 2851 om.
128 2823 157 2864 ς
251 2815 303 2853 11
337 2811 418 2855 (1111
451 2813 514 2856 M
543 2815 625 2858 uni
656 2816 739 2859 dui
769 2817 878 2871 fort.
911 2824 1009 2863 erat
1039 2824 1257 2867 sermonis
1288 2825 1500 2880 uulyaris
1530 2827 1714 2870 rustici-

1 2879 98 2922 -que
192 2873 245 2912 12
281 2869 453 2926 Porph.
485 2875 644 2917 uerset
673 2876 1009 2932 insequentibus
1039 2881 1198 2924 izmoeit
1276 2887 1328 2925 13
1355 2883 1487 2928 b1S..
1515 2885 1626 2928 ess&
1654 2886 1717 2928 M

131 2932 184 2970 15
216 2927 421 2984 ratione,
453 2931 502 2974 id
531 2933 694 2977 tamen
723 2937 879 2980 uerset
909 2937 958 2981 id
990 2941 1062 2983 est
1091 2953 1175 2983 ows
1282 2946 1335 2985 18
1369 2955 1472 2986 com
1507 2943 1568 2985 M
1657 2950 1712 2988 21

1 2997 100 3039 -que
136 2999 219 3031 om.
256 2988 320 3030 M
408 2994 463 3033 22
495 2990 733 3036 luxurium
760 2995 823 3037 M
910 3000 966 3041 24
998 3001 1165 3042 socrati
1192 3000 1254 3042 M
1342 3006 1397 3044 29
1425 3003 1635 3048 eunocho
1657 3004 1722 3047 M

130 3059 211 3100 qui
245 3046 308 3089 M
424 3053 479 3093 30
513 3052 693 3096 exerc&
730 3053 793 3097 M
1673 3081 1685 3086 ·‘

102 3134 376 3171 Pom-inmo&
1307 3139 1330 3178 1
1337 3139 1362 3178 7
