1939 3197
797 105 917 150 ODE
948 109 1025 166 ΙΠ,
1061 116 1128 156 14.
1679 125 1750 176 99

59 225 199 281 bello
231 233 368 284 mori
391 236 424 299 ’ἶ-
449 235 524 287 ait
562 237 686 290 inde
725 240 963 296 lauream
980 248 1144 313 petat.
1259 250 1291 302 6
1333 255 1607 320 prodeat
1652 261 1746 314 iu-

59 303 175 356 stis
216 323 262 357 o.
302 306 348 358 d.
401 326 500 376 pro
543 309 784 379 ‘prodeat
823 319 877 368 et
916 322 1165 386 operetur
1212 322 1370 377 diuis'
1419 327 1474 380 id
1522 335 1603 384 est
1644 333 1743 387 ‘sa-

56 376 288 431 crificet'.
389 385 725 450 operationes
788 390 930 442 enim
972 395 1231 449 sacrificia
1292 399 1553 456 dixerunt.
1641 404 1738 480 [ut]

51 449 222 504 iustos
288 453 441 508 diuos
504 461 748 526 quamuis
819 468 1142 534 generaliter
1204 471 1376 526 dicere
1436 495 1740 551 possumus,

48 541 191 578 nunc
253 530 435 581 tamen
498 534 799 601 specialiter
869 540 1258 613 accipiendum,
1330 549 1532 603 scilicet
1593 557 1736 622 quod
1760 579 1780 611 5

49 595 263 652 Caesari
302 603 582 658 uictoriam
623 612 676 660 et
713 611 943 664 reditum
968 619 1196 670 merenti
1228 619 1484 676 dederint.
1603 629 1631 680 7
1674 633 1736 683 et

47 689 229 725 soror
268 678 400 729 cari
447 679 638 734 ducis,
717 683 996 740 Octauiam
1038 689 1166 743 dicit
1203 691 1439 763 Augusti
1480 718 1732 757 sororem.

193 748 224 799 9
264 749 693 824 iuuenumque
732 776 934 828 nuper
959 765 1293 832 sospitum:
1334 769 1388 821 id
1414 775 1518 824 est:
1559 793 1732 844 nuper

30 835 128 886 per
150 820 461 891 Augustum
494 830 756 898 sospitum
779 833 1101 889 futurorum.
1221 842 1285 892 11
1327 845 1488 897 male
1528 850 1728 904 nomi—

36 895 208 947 natis
231 900 478 963 parcite
496 904 725 957 uerbis.
767 908 894 975 quid
913 913 1172 965 estmale
1198 917 1553 973 nominatis
1586 940 1724 975 uer-
1752 948 1792 978 10

36 966 132 1019 bis
156 972 441 1037 parcite?
480 978 660 1030 utrum
686 998 844 1048 quem
869 983 935 1034 ad
967 985 1186 1039 modum
1217 989 1457 1062 edicitur,
1489 997 1551 1047 ut
1582 996 1723 1051 ciues

32 1039 224 1096 feriato
281 1046 364 1098 die
418 1048 602 1103 litibus
650 1053 942 1126 iurgiisque
992 1077 1046 1110 se
1098 1061 1429 1134 abstineant3
1483 1085 1555 1121 an
1594 1074 1654 1123 ut
1694 1091 1721 1126 e

32 1119 301 1172 contrario
341 1120 398 1173 in
438 1125 709 1179 sacrificiis
732 1132 1060 1199 praecipitur
1100 1133 1262 1188 ebona
1286 1139 1468 1192 omina
1490 1141 1720 1216 habete’‚

28 1187 102 1241 ita
157 1208 300 1260 nunc
356 1195 431 1247 ait
487 1197 706 1266 ‘parcite
758 1206 911 1257 malis
960 1208 1138 1260 uerbis
1187 1211 1246 1262 id
1281 1217 1354 1264 est
1389 1216 1545 1268 malis
1586 1219 1718 1270 omi-

27 1262 225 1317 nibus?
358 1269 424 1321 15
462 1274 723 1327 tenente
765 1275 1034 1332 Caesare
1075 1284 1281 1336 terras
1329 1287 1382 1338 id
1423 1292 1526 1341 est:
1567 1291 1714 1346 inco-
1739 1316 1781 1349 15

24 1335 155 1388 lumi
196 1337 434 1395 Caesare.
570 1348 635 1400 18
714 1354 774 1402 et
813 1354 1034 1406 cadum
1111 1355 1307 1411 Marsi
1383 1380 1712 1419 memorem

22 1409 222 1464 duelli
274 1415 329 1466 id
370 1422 474 1469 est:
537 1423 733 1476 ueteris
774 1426 887 1478 uini
927 1428 1143 1499 cadum,
1194 1433 1336 1501 quod
1376 1436 1564 1490 uinum
1602 1440 1709 1493 iam

18 1486 207 1537 natum
263 1493 378 1541 erat
431 1495 762 1562 temporibus
810 1500 936 1552 belli
974 1500 1205 1556 Marsici.
1324 1508 1390 1559 19
1448 1508 1708 1580 Sparta-

17 1574 153 1610 cum
231 1562 284 1613 si
361 1582 480 1632 qua
539 1572 757 1636 potuit
818 1579 1163 1644 uagantem
1224 1579 1458 1635 fallere
1519 1588 1706 1642 testa.

16 1627 304 1699 Spartacus
345 1637 450 1690 dux
488 1640 843 1712 fugitiuorum
882 1667 978 1717 per
1001 1649 1216 1704 Italiam
1240 1655 1529 1724 aliquando
1555 1677 1703 1730 gras·
1728 1685 1770 1717 20

14 1709 160 1759 satus
207 1711 377 1763 multa
432 1718 682 1770 uastauit.
796 1722 867 1773 22
931 1743 1251 1779 murreum
1305 1731 1472 1784 nodo
1529 1735 1702 1787 cohi-

11 1777 156 1833 bere
205 1784 456 1839 crinem.
535 1788 780 1846 Colorem
827 1814 1098 1851 murreum
1144 1801 1201 1853 in
1241 1803 1476 1858 crinibus
1516 1807 1700 1862 hodie-

9 1870 110 1920 que
150 1855 356 1928 dicunt‚
411 1863 500 1930 qui
553 1866 759 1920 medius
815 1874 897 1923 est
944 1872 1086 1925 inter
1133 1875 1334 1929 flauum
1375 1882 1428 1930 et
1465 1881 1697 1951 nigrum.

6 1927 130 1993 quia
166 1949 454 2000 properare
494 1935 643 1991 illam
682 1943 822 2012 uult,
862 1945 919 1996 in
944 1947 1146 2000 nodum
1188 1952 1401 2004 tantum
1443 1955 1694 2025 colligere

6 2000 175 2055 crines
213 2008 486 2077 praecipit.
600 2014 671 2066 23
728 2017 780 2068 si
833 2037 944 2085 per
998 2021 1283 2075 inuisum
1321 2043 1495 2078 mora
1533 2029 1691 2083 iani·
1716 2053 1759 2086 25

6 2075 205 2128 torem
251 2079 393 2150 fiet,
441 2084 630 2139 abito.
744 2093 1006 2161 praecipit
1052 2114 1244 2163 puero,
1299 2101 1360 2150 ut
1399 2100 1444 2152 si
1483 2103 1688 2157 tardius

6 2147 66 2198 ad
106 2146 371 2206 Neaeram
418 2157 485 2209 ab
536 2161 754 2216 ostiario
802 2165 1138 2237 admittatur,
1200 2172 1435 2242 recedat3
1498 2176 1688 2232 deinde

6 2238 160 2288 quare
200 2225 302 2279 hoc
332 2235 683 2304 praeceperit,
723 2240 959 2292 ostendit
990 2241 1270 2297 inferendo
1311 2246 1475 2301 lenit
1515 2251 1686 2304 albe-

6 2312 177 2350 3cens
240 2303 486 2357 animos
551 2310 840 2378 capillus.
992 2315 1064 2368 25
1133 2319 1298 2372 lenit
1346 2322 1683 2380 albescens

5 2370 238 2426 animos
278 2378 566 2445 capillus.
643 2384 775 2439 haec
816 2405 936 2440 cum
977 2390 1330 2446 admiratione
1373 2398 1602 2464 quadam
1629 2404 1681 2453 et
1703 2421 1746 2454 30

6 2441 171 2497 lolore
212 2450 376 2502 animi
417 2453 678 2509 dicuntur.
758 2463 985 2516 miratur
1023 2466 1166 2518 enim
1212 2486 1267 2519 se
1307 2471 1418 2521 tam
1460 2490 1680 2543 segnem

108 2610 130 2649 1
165 2606 233 2651 ait
269 2612 323 2655 ut
351 2610 458 2656 inde
491 2630 519 2670 ς
609 2618 714 2663 uult
745 2621 825 2666 sed
856 2624 910 2666 ut
938 2623 1076 2670 inde?
1226 2629 1424 2684 prodeas
1455 2633 1589 2675 iustis
1616 2633 1680 2676 M

105 2669 130 2708 6
162 2665 393 2725 dederint,
425 2687 443 2715 1
473 2687 527 2717 eoe
558 2690 586 2719 a
617 2691 753 2735 coron,
789 2681 851 2724 M
969 2688 994 2727 8
1041 2699 1352 2743 iuuenemque
1386 2690 1450 2733 M
1566 2691 1616 2735 ld
1646 2697 1671 2736 ἓ

3 2735 128 2778 111Ρο1·
160 2730 411 2782 augustum
449 2737 674 2790 sospitam
714 2753 770 2782 m.
803 2744 836 2785 2
869 2754 901 2784 s,
937 2742 983 2786 li.
1018 2745 1124 2790 add.
1157 2747 1211 2790 in
1243 2747 1308 2790 M
1435 2753 1459 2792 9
1492 2749 1669 2795 futuro-

0 2794 80 2824 um
111 2796 193 2828 nos
224 2799 279 2829 etc
309 2789 509 2835 Acrone:
553 2794 760 2841 futurum
803 2801 867 2842 M
1014 2809 1070 2847 10
1115 2806 1269 2850 uerbis
1301 2808 1478 2861 partite
1511 2808 1576 2852 M

5 2844 33 2884 3
66 2854 222 2888 omma
254 2846 317 2890 M
407 2855 461 2894 14
490 2851 755 2901 hominibus
789 2859 852 2903 M
950 2866 1003 2905 15
1021 2864 1224 2908 temente
1251 2865 1313 2907 M
1416 2872 1470 2911 16
1489 2880 1667 2913 caesari

0 2899 44 2942 ff
159 2908 213 2947 17
253 2919 348 2950 iam
379 2922 537 2955 uinum
570 2913 634 2957 M
774 2923 827 2962 18
867 2921 1112 2978 spartagus
1145 2924 1208 2966 M
1348 2929 1404 2969 20
1436 2925 1664 2982 aliquam-

0 2971 59 3060 ffi
87 2975 116 3015 ς
145 2968 264 3066 M24
294 2965 429 3011 illum
462 2970 526 3013 M
613 2978 668 3018 26
701 2975 889 3022 dardius
922 2979 986 3022 M
1044 2986 1098 3025 27
1126 2995 1344 3027 naeeram
1384 2984 1447 3028 M
1505 2990 1560 3029 29
1589 3001 1661 3030 ca-

0 3040 3 3058 1
61 3031 111 3063 os

1246 3115 1304 3160 7*
