1939 3197
170 68 277 119 222
729 68 931 113 SERMO
964 71 998 125 I,
1032 75 1072 127 6,
1105 76 1295 116 44—60.

169 204 310 272 quod
361 204 700 257 dissimulata
752 204 1056 257 humilitate
1108 207 1370 259 natalium
1425 207 1586 275 paulo
1629 207 1868 259 exertius-
1921 205 1930 237 Ῑ

168 281 313 347 agat.
423 279 496 330 44
552 279 781 331 saltem
827 281 1006 331 tenet
1043 279 1162 333 hoc
1200 299 1329 333 nos.
1408 282 1474 333 ad
1514 281 1569 332 id
1608 281 1859 349 pertinet,

167 352 309 421 quod
365 352 557 404 dixerit
611 371 732 404 eum
778 352 1104 405 causidicum
1154 373 1283 406 esse.
1360 373 1486 424 ergo
1530 372 1718 406 sensus
1758 357 1864 406 est:
1937 370 1939 372 ·

166 425 270 478 hoc
309 445 393 477 me
435 427 624 478 saltem
665 427 890 495 solatur,
943 430 1004 478 ut
1055 428 1208 480 illum
1249 430 1568 498 sustineam,
1624 446 1744 480 cum
1782 428 1861 480 in-

122 511 144 544 5
167 499 357 569 digner
397 501 637 569 alioquin
675 500 989 552 libertinum
1028 505 1328 571 equestrem
1375 503 1697 572 dignitatem
1737 520 1861 554 con-

168 576 410 626 secutum
450 592 579 627 esse.
694 576 764 626 47
812 593 975 627 nunc
1017 577 1165 644 quia
1205 577 1321 628 sim
1360 577 1482 628 tibi
1521 575 1862 627 Maecenas

167 648 503 700 conuictor
565 651 629 700 at
689 649 842 700 olim
914 649 1077 717 quod
1138 650 1293 701 mihi
1354 653 1615 718 pareret
1690 650 1863 718 legio
1933 701 1939 703 .

166 721 452 773 Romana
511 722 787 774 tribuno,
888 723 1018 775 dicit
1080 724 1180 775 sibi
1242 724 1471 775 inuideri
1525 742 1668 775 nunc
1717 723 1859 791 quod

168 796 423 847 conuiuat
463 814 582 848 cum
607 795 933 866 Maecenate,
971 800 1096 849 ante
1138 798 1281 866 quod
1319 798 1568 850 tribunus
1601 798 1867 849 militibus-

101 883 144 914 10
166 867 479 940 praefueriff,
535 871 689 939 quasi
727 873 1010 939 utrumque
1052 890 1214 939 supra
1251 872 1612 923 humilitatem
1651 871 1868 940 generis,

168 944 280 995 eius
322 944 405 995 sit.
518 945 589 996 49
655 945 802 1013 quia
854 963 981 997 non
1035 949 1103 997 ut
1149 945 1343 997 forsit
1381 945 1686 998 honorem
1726 945 1861 996 iure

166 1018 322 1069 mihi
363 1020 521 1084 [esse]
570 1018 863 1070 inuideat
911 1019 1124 1088 quiuis
1172 1020 1265 1071 ita
1311 1023 1371 1071 te
1421 1037 1667 1087 quoque
1709 1019 1860 1070 ami-

167 1109 316 1143 cum.
392 1092 807 1160 prudentissime
870 1092 1087 1145 dictum.
1169 1093 1401 1145 forsitan
1464 1094 1607 1144 enim
1668 1093 1860 1144 merito

165 1164 395 1217 inuideri
434 1165 626 1218 debeat
665 1166 727 1235 ei,
768 1166 860 1235 qui
897 1167 1158 1219 beneficia
1195 1167 1443 1219 fortunae
1474 1167 1687 1233 habeat,
1727 1183 1865 1234 quae

102 1252 144 1285 15
165 1239 478 1308 plerumque
516 1242 715 1291 temere
756 1243 810 1292 et
851 1241 966 1292 sine
1004 1240 1200 1293 iudicio
1240 1242 1349 1292 ullo
1392 1240 1757 1308 superueniat‚
1805 1243 1862 1292 at

167 1313 458 1365 amicitiam
498 1313 829 1366 Maecenatis
869 1315 1125 1383 consequi
1162 1315 1268 1366 nisi
1306 1315 1603 1366 uirtute‘in
1644 1332 1698 1365 se
1737 1332 1858 1382 pro-

165 1389 414 1439 uocatam
465 1406 576 1440 non
624 1389 815 1457 potuit.
892 1406 1051 1457 porro
1102 1392 1280 1440 autem
1343 1389 1483 1457 quod
1544 1389 1744 1439 uirtute
1799 1406 1861 1440 ac
1935 1455 1938 1458 ι

166 1478 293 1513 11010
333 1462 528 1514 iudicio
570 1463 689 1531 quis
745 1463 1078 1532 adsequitur,
1139 1463 1368 1515 inuideri
1424 1463 1471 1514 ei
1525 1480 1637 1514 non
1687 1462 1863 1530 debet,

167 1552 288 1586 cum
327 1553 525 1605 magno
567 1537 748 1589 labore
787 1536 889 1589 1100
930 1537 978 1589 01
1018 1539 1243 1590 00110101.
1357 1536 1427 1589 56
1467 1539 1535 1587 ut
1573 1536 1721 1587 ueni
1761 1554 1860 1588 00-

100 1624 297 1660 2oram
359 1609 700 1679 singultim
767 1629 970 1679 pauca
1022 1612 1276 1663 locutus
1317 1610 1536 1662 infans
1591 1627 1862 1678 namque

165 1683 368 1750 pudor
406 1684 797 1751 prohibebat
834 1686 1023 1752 plura
1062 1685 1325 1752 profari.
1381 1684 1730 1735 manifestum
1763 1686 1864 1751 est,

165 1756 431 1808 infantem
486 1776 518 1809 a
571 1777 683 1810 non
735 1758 899 1811 fando
953 1777 1095 1811 nunc
1150 1758 1359 1810 dixisse.
1435 1776 1534 1809 nec
1589 1758 1731 1809 enim
1794 1758 1861 1809 ad

167 1833 398 1883 aetatem
437 1832 666 1884 relatum
705 1835 801 1884 001.
877 1851 1037 1900 porro
1062 1833 1194 1884 haec
1226 1850 1282 1883 re
1306 1849 1434 1883 uera
1466 1834 1660 1883 natura
1697 1832 1857 1883 nobis

167 1907 271 1972 est,
332 1907 414 1972 ut,
477 1906 543 1958 ad
599 1906 927 1959 sublimioris
983 1906 1263 1976 dignitatis
1309 1906 1455 1957 uiros
1509 1923 1628 1957 cuni
1684 1905 1857 1972 adliuc

100 1993 142 2025 25
165 1977 341 2047 ignoti
380 1980 695 2048 accedimus,
734 1980 1054 2032 uerecundia
1091 1998 1191 2032 nos
1223 1980 1464 2049 elingues
1496 1979 1673 2031 faciat.
1788 1978 1861 2030 59

167 2049 555 2106 Satureiano
596 2055 844 2106 uectari
882 2073 1034 2106 rura
1073 2054 1340 2106 caballo.
1420 2051 1723 2104 Satureiani
1760 2070 1861 2104 no-

165 2126 308 2178 mine
348 2126 500 2179 fundi
538 2129 596 2179 in
634 2127 835 2197 Apulia
872 2129 979 2180 illis
1019 2127 1351 2197 temporibus
1398 2127 1567 2179 fuisse
1609 2127 1860 2178 dicuntur

167 2200 297 2252 satis
360 2202 524 2270 ampli
589 2220 650 2254 ac
704 2203 926 2255 nobiles,
1019 2220 1114 2271 per
1175 2201 1317 2270 quod
1366 2200 1606 2269 Apulum
1662 2218 1858 2268 equum

168 2273 444 2342 significat.
521 2275 758 2344 Apulum
806 2280 984 2328 autem
1046 2294 1240 2345 equum
1278 2293 1375 2344 pro
1416 2275 1618 2342 optimo
1673 2273 1858 2342 utique

99 2361 143 2393 30
168 2348 404 2416 accipere
430 2348 698 2402 debemus.
792 2351 863 2402 60
901 2350 1254 2418 respondes
1294 2351 1362 2400 ut
1399 2351 1548 2399 tuus
1590 2350 1686 2398 est
1725 2364 1858 2398 mos

166 2439 366 2488 pauca
405 2423 560 2475 abeo
602 2427 662 2475 et
701 2442 964 2476 reuocas
1003 2442 1169 2476 nono
1209 2424 1358 2490 post
1396 2438 1608 2473 mense
1640 2420 1857 2471 iubes-

289 2587 310 2625 1
367 2582 631 2627 dissimulat
677 2583 736 2626 ab
768 2583 1033 2627 humilitate
1068 2583 1131 2625 M
1274 2582 1421 2625 Paulo
1456 2596 1484 2636 ς
1637 2584 1662 2623 5
1718 2592 1855 2634 eque—

168 2642 314 2684 strum
348 2641 412 2683 M
501 2646 524 2684 7
559 2643 618 2685 ad
644 2642 707 2685 M
810 2647 835 2685 9
869 2641 1091 2686 conuiuat
1113 2654 1217 2685 nos:
1250 2656 1353 2685 eum
1385 2642 1520 2684 uiuat
1545 2640 1607 2682 M
1663 2637 1796 2681 uiuat
1828 2652 1857 2692 ς

285 2699 578 2744 militibunus
609 2700 847 2757 prefuerat
880 2702 943 2744 M
1063 2706 1115 2744 13
1147 2700 1361 2744 forSitam
1387 2700 1449 2742 M
1568 2703 1622 2741 14
1655 2697 1699 2740 01
1721 2697 1856 2739 Hau-

166 2758 285 2802 thaz.-
316 2759 354 2802 ὣ
386 2759 449 2802 Μ
564 2760 733 2804 fortine
768 2761 830 2803 M
927 2765 979 2803 15
1012 2760 1108 2803 ullo
1133 2759 1430 2816 superueniat
1460 2770 1564 2801 nos:
1595 2756 1852 2810 1111111οῇ110-

166 2818 268 2861 mat
300 2818 364 2861 M
480 2818 539 2862 ad
571 2821 828 2863 amiticiam
861 2853 870 2862 .
906 2855 914 2863 .
950 2832 1134 2874 conseq3
1170 2819 1233 2861 M
1352 2823 1405 2861 16
1437 2817 1672 2860 uirtutem.
1735 2815 1855 2857 Inse-

166 2877 472 2931 prouocatum
505 2878 569 2921 M
657 2884 710 2922 17
744 2879 966 2921 uirtutem
1000 2879 1063 2920 M
1152 2883 1205 2922 18
1236 2876 1443 2920 inuidere
1477 2875 1540 2917 M
1642 2877 1697 2916 20
1728 2871 1857 2914 infan

170 2967 180 2977 .
215 2968 223 2977 .
256 2936 504 2990 prohibeat
536 2937 600 2980 M
687 2942 741 2980 23
773 2935 910 2980 haec:
941 2937 1032 2980 huc
1066 2937 1129 2979 M
1223 2941 1278 2980 26
1311 2935 1490 2979 cabello
1525 2933 1588 2976 M
1681 2935 1735 2974 29
1776 2931 1855 2974 ob·
1936 2966 1939 3002 3

167 2993 282 3037 timo
318 2995 381 3037 M
496 3000 551 3040 31
585 2997 638 3039 ut
667 3008 856 3041 reuocas
888 3009 980 3039 non
1013 2996 1076 3039 M
