1939 3197
753 85 872 130 ODE
905 85 939 141 Ι,
973 90 1041 130 34.
1668 86 1736 138 39

745 320 865 365 ODE
903 327 939 375 1,
974 326 1044 365 34.

196 412 430 465 Parcus
471 412 728 466 deorum
780 412 992 464 cultor
1040 415 1113 464 et.
1190 411 1290 464 hac
1331 411 1429 464 ode
1470 411 1737 481 significat

50 504 107 539 se
146 486 500 555 penitentiam
540 503 720 555 agere,
760 485 902 554 quod
936 485 1259 553 Epicuream
1292 488 1492 537 sectam
1525 489 1737 537 secutus

50 560 389 630 inreligiosus
422 560 671 612 extiterit.
787 560 820 611 2
862 559 1219 627 sapientiae
1260 559 1611 612 consultus.
1662 559 1738 611 ita

50 634 268 703 dictum,
300 637 360 686 ut
390 634 521 686 iuris
554 634 845 686 consultus.
959 634 994 684 4
1026 633 1263 685 iterare
1298 651 1519 685 cursus
1552 651 1739 702 cogor
1762 651 1781 681 5

49 707 328 760 relictos,
405 726 517 760 non
566 705 935 773 ‘instaurare'‚
983 707 1075 759 sed
1124 705 1218 758 ead
1268 707 1484 760 eosdem
1523 705 1738 759 redire'.

161 780 195 834 5
234 799 506 849 namque
538 780 869 849 Diespiter
899 780 1036 850 igni
1076 798 1340 832 corusco
1383 799 1435 831 n.
1469 780 1515 832 d.
1550 798 1738 832 sensus

50 856 152 906 est:
206 853 469 923 Iuppiter,
524 855 614 923 qui
665 872 776 906 non
826 854 931 906 nisi
969 854 1155 907 nubilo
1196 857 1389 907 tonare
1431 855 1588 922 solet,
1644 872 1739 923 per

48 946 242 996 purum
295 928 349 980 id
398 930 478 980 est
530 946 626 997 pei
673 946 920 981 serenum
967 928 1160 980 tonuit.
1287 929 1315 979 7
1365 929 1739 1011 plerumque

47 1019 159 1070 per
197 1021 421 1071 purum
466 1002 760 1054 tonantis
810 1002 943 1071 egit
982 1020 1023 1054 c.
1066 1020 1111 1054 o
1152 1019 1193 1053 c.
1272 1020 1335 1053 ex
1374 1002 1587 1071 uulgari
1628 1003 1738 1070 opi·
1766 1018 1807 1050 10

47 1075 210 1128 m'one
249 1076 562 1145 plerumque
600 1079 791 1144 poetae
833 1093 1020 1128 sensus
1061 1075 1400 1145 concipiunt
1450 1076 1600 1128 uelut
1637 1075 1740 1143 hic,

47 1149 140 1201 ubi
179 1149 429 1202 dicuntur
468 1150 708 1202 tonitrua
749 1150 1004 1218 strepitus
1045 1167 1160 1202 esse
1209 1167 1394 1201 currus
1435 1153 1489 1200 et
1528 1149 1738 1217 quadri-

48 1240 238 1291 garum
293 1223 453 1277 Iouis.
599 1224 630 1275 9
685 1224 874 1276 bruta
936 1224 1147 1275 tellus
1223 1223 1369 1275 bruti
1424 1240 1617 1292 graues
1688 1227 1740 1275 et

47 1296 190 1348 tardi
236 1297 507 1365 dicuntur,
562 1297 704 1365 quod
753 1296 1013 1349 ἐπίθετον
1058 1300 1231 1349 terrae
1278 1299 1598 1365 perpetuum
1645 1300 1740 1349 est.

165 1371 232 1422 10
273 1370 545 1422 Taenari
593 1371 789 1423 sedes.
868 1369 1078 1422 ‘inferi'
1118 1370 1563 1440 intellegendum,
1610 1371 1736 1439 quia
1763 1387 1803 1419 15

46 1461 144 1510 per
183 1443 486 1496 Taenarum
526 1443 823 1497 Laconicae
870 1444 1305 1512 promunturium
1344 1444 1630 1496 descensus
1671 1445 1739 1496 ad

46 1517 250 1570 inferos
299 1517 484 1570 fertur.
603 1518 670 1570 12
721 1518 896 1570 ualet
945 1518 1069 1569 ima
1121 1517 1378 1570 summis
1438 1536 1507 1569 m.
1593 1521 1654 1569 ut
1694 1519 1738 1570 si

48 1590 266 1643 diceret:
306 1594 486 1661 potest
526 1609 589 1643 ex
627 1592 851 1644 minimo
891 1594 1170 1660 potentem
1210 1594 1263 1643 et
1302 1609 1366 1643 ex
1404 1594 1626 1659 potente
1656 1592 1735 1643 in-

46 1664 231 1717 fimum
277 1665 511 1718 reddere.
632 1665 698 1717 13
746 1669 808 1717 et
853 1665 1177 1735 insignem
1223 1665 1535 1717 adtenuat
1581 1665 1735 1717 deus

49 1738 318 1790 obscura
371 1756 681 1808 promens.
759 1739 813 1791 id
861 1743 963 1808 est,
1020 1739 1111 1808 qui
1157 1739 1386 1809 insignis
1425 1739 1611 1809 fuerit,
1660 1742 1738 1791 at·
1764 1756 1808 1788 20

47 1814 323 1882 tenuatur,
373 1813 611 1866 obscurus
660 1814 719 1865 in
771 1813 1070 1866 claritatem
1122 1813 1358 1881 aliquam
1407 1831 1438 1865 a
1478 1813 1575 1866 deo
1616 1832 1738 1882 pro-

48 1885 272 1938 ducitur.
366 1887 434 1939 14
464 1887 612 1939 hinc
646 1887 888 1956 apicem
919 1906 1116 1956 rapax
1147 1886 1433 1940 Fortuna
1467 1887 1742 1939 sustulit

48 1976 184 2011 cum
224 1961 501 2013 stridore
551 1964 752 2014 acut0.
843 1961 946 2014 hoc
996 1964 1100 2013 est:
1158 1978 1278 2013 cum
1318 1960 1531 2012 fletibus
1572 1963 1625 2012 et
1663 1961 1739 2012 la·

47 2034 396 2103 mentatione
435 2035 526 2087 sed
566 2053 677 2088 non
721 2053 831 2103 sua,
869 2053 1057 2087 uerum
1091 2052 1276 2086 eorum
1308 2034 1500 2102 quibus
1534 2034 1741 2102 apicem

45 2105 102 2170 id
135 2110 217 2158 est
249 2077 567 2177 dignitatem
600 2109 789 2160 aufert.
903 2108 1052 2160 hinc
1086 2107 1329 2175 apicem
1361 2126 1557 2175 rapax
1586 2106 1738 2160 For·
1763 2126 1807 2158 25

47 2171 203 2232 tuna
243 2222 254 2231 .
296 2181 493 2233 ‚hinc
532 2181 825 2251 posuisse
866 2198 915 2250 g.
985 2181 1190 2250 apicem
1221 2199 1319 2249 pro
1352 2181 1575 2234 honoris
1616 2182 1740 2233 sub-

48 2253 276 2306 limitate
325 2255 521 2323 posuit.
622 2273 810 2318 sensus
859 2258 940 2307 est
987 2258 1187 2307 autem:
1238 2253 1481 2307 Fortuna
1520 2273 1605 2307 res
1644 2255 1740 2308 hu-

49 2345 238 2380 manas
287 2329 600 2398 plerumque
649 2332 823 2382 mutat
863 2332 915 2380 et
955 2329 1022 2380 ab
1064 2329 1168 2382 alio
1210 2329 1277 2380 ad
1317 2329 1482 2381 alium
1522 2346 1648 2397 opes
1690 2333 1744 2381 et

49 2400 369 2470 dignitatem
407 2402 683 2455 transfert.

166 2638 191 2677 2
225 2634 438 2680 cultores.
469 2640 585 2681 haec
610 2637 697 2696 ode
722 2639 787 2693 (et
809 2638 913 2692 om.)
941 2637 1003 2681 M
1093 2640 1117 2680 5
1142 2637 1232 2681 iter
1263 2650 1391 2681 arare
1427 2637 1490 2680 M
1584 2642 1607 2681 7
1642 2636 1739 2681 dies

44 2693 253 2749 iuppiter
277 2694 340 2736 M
436 2700 488 2739 12
519 2695 588 2739 1b1
613 2682 692 2739 M
780 2701 833 2741 13
866 2696 1004 2740 bruta
1035 2709 1200 2752 graues
1236 2696 1298 2739 M
1404 2701 1456 2740 15
1489 2698 1643 2740 tenari
1678 2696 1742 2739 M

169 2757 221 2795 16
253 2753 468 2796 tenarum
497 2754 704 2799 lacomce
739 2755 802 2798 M
904 2754 1139 2798 dlscensus
1174 2754 1237 2797 M
1349 2760 1402 2799 19
1434 2755 1566 2799 schol.
1599 2769 1644 2798 u.
1677 2759 1737 2799 13

45 2815 150 2864 post
177 2811 266 2854 seh.
300 2825 345 2856 u.
379 2815 437 2855 14
469 2817 532 2856 est
560 2814 613 2856 in
646 2814 709 2856 M
848 2814 1070 2858 actenuat
1104 2813 1166 2856 M
1316 2818 1369 2856 21
1405 2814 1626 2858 obscurus
1665 2815 1739 2857 uel

45 2868 131 2923 qui
161 2869 382 2914 obscurus
423 2870 585 2926 fuerit,
625 2872 674 2915 in
705 2872 967 2916 claritatem
999 2872 1208 2927 aliquam
1245 2884 1349 2915 nos:
1382 2873 1659 2917 actenuatur
1688 2888 1740 2917 m

48 2927 519 2985 claritatemahquam
553 2930 616 2973 M
731 2931 938 2986 aliquam
971 2945 999 2974 a
1030 2931 1136 2975 deo:
1172 2930 1424 2986 aliquando
1461 2931 1617 2989 Pauly

49 2990 106 3029 25
140 2986 309 3032 auferit
343 2989 405 3031 M
521 2993 577 3034 26
609 3004 770 3045 pusuis
803 3004 900 3047 reg.
936 2991 999 3033 M
