1939 3197
604 68 720 113 ΑΗΒ
751 67 1015 113 POETICA
1046 73 1263 113 88—114.
1667 69 1774 122 349

91 204 301 257 dicitur.
336 223 341 230 ’
437 203 507 256 88
570 220 678 255 cur
738 204 986 256 nescire
1048 203 1292 272 pudens
1345 222 1538 272 praue
1595 223 1776 273 quam

90 278 339 330 discere
393 276 570 329 malo.
662 276 819 329 huius
875 295 1064 329 uersus
1120 294 1306 329 sensus
1361 277 1485 329 talis
1532 281 1635 330 est:
1684 296 1777 330 cur

97 351 238 403 malo
292 350 497 402 nescire
551 368 715 418 praue
771 351 1087 403 erubescens
1142 368 1209 402 ne
1265 350 1448 402 uidear
1500 351 1776 421 ignorasse

93 442 254 494 quam
297 420 480 494 [malo]
521 423 736 475 discere.
844 424 916 476 90
954 424 1334 493 indignatur
1371 424 1524 476 item
1561 425 1777 493 priua-

96 499 179 550 tis
225 497 328 550 hoc
374 499 481 549 est:
532 496 824 549 humilibus
863 498 1040 550 uerbis
1079 516 1190 551 non
1229 499 1346 550 uult
1384 498 1662 567 tragoedia
1698 499 1777 551 in-
1803 515 1822 546 5

93 572 241 640 pleri.
341 570 411 622 95
444 573 506 622 et
537 571 824 640 tragicus
856 573 1234 640 plerumque
1275 572 1449 624 dolet
1489 590 1777 625 sermone

94 645 395 714 pedestri.
486 645 651 714 exigit
698 662 853 713 saepe
901 648 955 697 et
999 645 1298 714 tragoedia,
1345 648 1407 697 ut
1443 646 1778 713 pedestribus

95 718 360 771 scribatur
409 718 608 786 uerbiS,
662 720 721 770 ut
761 736 881 770 cum
930 718 1120 771 Peleus
1175 719 1262 770 uel
1311 718 1578 787 Telephus
1631 720 1779 789 regio

94 792 285 844 habitu
323 794 531 844 mutato
571 792 876 860 loquantur.
929 810 1101 860 neque
1141 793 1284 844 enim
1318 793 1475 844 debet
1505 793 1563 844 in
1592 793 1780 845 habitu

94 865 323 918 mendici
363 865 618 917 auxilium
657 868 844 933 petens
883 866 1134 934 regaliter
1172 866 1332 933 loqui.
1432 866 1502 917 97
1543 866 1780 934 proicit
1806 883 1846 913 10

99 939 430 1008 ampullas.
507 938 609 990 hoc
650 957 680 990 a
727 937 1121 991 Callimacho
1163 939 1404 1007 sustulit,
1453 940 1593 1007 quod
1633 940 1779 992 dixit.

243 1013 313 1065 98
364 1013 416 1064 si
465 1015 644 1064 curat
700 1030 805 1065 cor
860 1012 1220 1081 spectantis
1274 1013 1576 1081 tetigisse
1632 1032 1778 1082 que-

96 1086 256 1138 rella
294 1086 397 1138 hoc
438 1088 543 1137 est:
586 1086 631 1137 si
669 1086 724 1137 id
763 1086 891 1155 agit,
929 1089 990 1138 ut
1029 1086 1245 1138 adtente
1285 1089 1617 1155 spectantem
1654 1087 1779 1139 flere

93 1162 270 1229 cogat.
384 1159 453 1212 99
502 1159 713 1211 dulcia
760 1162 963 1212 sunto.
1039 1178 1182 1212 nunc
1222 1160 1374 1228 quasi
1412 1160 1586 1229 legem
1624 1161 1780 1228 ponit

96 1232 460 1302 etpraecipit.
525 1235 712 1285 sunto
753 1234 891 1285 enim
930 1237 984 1285 et
1016 1236 1253 1303 agunto
1296 1233 1443 1285 ‘sint'
1484 1238 1537 1285 et
1577 1233 1777 1304 ‘agant’
1806 1251 1844 1283 15

102 1307 381 1376 significat.
474 1307 564 1358 sed
617 1307 764 1376 leges
820 1307 1072 1376 antiquae
1125 1307 1210 1360 his
1256 1308 1367 1360 fere
1416 1308 1607 1376 plenae
1655 1312 1781 1360 sunt

96 1380 558 1450 [quasignificant]
608 1381 800 1432 uerbis,
919 1382 1023 1433 102
1078 1382 1128 1433 si
1183 1381 1278 1432 uis
1333 1399 1425 1433 me
1470 1381 1627 1432 flere
1676 1382 1780 1433 do-

96 1454 355 1506 lendum
397 1457 493 1506 est
530 1454 799 1522 primum
831 1455 956 1522 ipsi
988 1455 1124 1507 tibi.
1179 1455 1280 1507 hoc
1305 1454 1780 1507 Demosthenicum

97 1531 192 1580 est.
253 1547 381 1580 nam
418 1546 537 1580 cum
580 1528 646 1579 ad
683 1528 836 1580 illum
875 1529 919 1580 is
960 1528 1051 1596 qui
1082 1529 1435 1596 uapulauerat
1466 1528 1780 1581 accessisset

95 1605 407 1671 peteretque
448 1601 744 1668 summisse,
783 1605 844 1654 ut
883 1620 1099 1654 causam
1140 1620 1292 1654 suam
1328 1605 1512 1671 ageret
1544 1620 1605 1654 eo
1639 1603 1779 1671 quod
1805 1620 1847 1650 20

97 1694 284 1728 caesus
325 1678 488 1743 esset,
526 1676 748 1743 negauit
788 1694 843 1727 se
881 1674 1165 1744 facturum,
1205 1676 1329 1743 quia
1365 1676 1455 1728 ille
1481 1694 1592 1728 non
1616 1694 1779 1744 uapu-

98 1750 271 1802 lesset.
332 1749 424 1801 illo
465 1748 781 1801 adfirmante
818 1748 1025 1801 factum
1056 1768 1186 1813 esse,
1226 1767 1392 1819 aeque
1424 1768 1781 1818 superuacuas

97 1823 236 1875 dixit
275 1823 386 1875 eius
426 1823 701 1891 querellas.
763 1826 892 1875 tunc
932 1823 1090 1876 tertio
1124 1842 1243 1876 cum
1275 1823 1547 1893 indignari
1578 1824 1783 1875 uideret

97 1899 133 1961 †
172 1900 225 1949 et
264 1899 381 1949 tuto
423 1896 736 1948 adfirmante
776 1915 897 1948 cum
935 1897 1168 1949 lacrimis
1209 1897 1437 1964 adfectu,
1475 1897 1609 1949 dixit
1640 1916 1781 1950 nunc

99 1989 155 2022 se
202 1970 280 2022 ilh'
331 1970 556 2022 credere.
647 1970 895 2038 capiebat
950 1971 1091 2022 enim
1146 1971 1352 2023 dicendi
1406 1972 1663 2040 impetum
1720 1989 1783 2023 ex
1808 1987 1849 2018 25

98 2044 374 2096 irascente.
515 2044 618 2096 103
659 2047 809 2114 tunc
847 2047 955 2096 tua
994 2063 1084 2096 me
1124 2045 1487 2097 infortunia
1526 2045 1783 2096 laedent

102 2117 156 2169 id
211 2120 312 2170 est:
366 2121 495 2169 tunc
556 2120 679 2169 tuae
742 2136 826 2169 me
884 2118 1215 2171 calamitates
1271 2120 1587 2186 mouebunt,
1642 2119 1783 2187 quod

99 2190 292 2243 Graeci
347 2186 663 2259 ἀτυχήματα
722 2194 934 2246 uocant.
1067 2193 1170 2245 113
1225 2192 1492 2245 Romani
1546 2193 1783 2245 tollent

101 2265 351 2334 equites
397 2265 776 2335 peditesque
832 2266 1236 2318 cachinnum:
1291 2267 1487 2319 ridebit
1541 2268 1783 2334 equester

101 2338 229 2392 ordo
284 2341 339 2390 et
389 2339 555 2406 plebs,
648 2339 939 2392 cachinnus
986 2343 1166 2392 autem
1213 2341 1435 2392 uerbum
1493 2339 1781 2391 secundum
1808 2356 1849 2386 30

101 2407 536 2480 ὀνοματοποιίαν
575 2414 758 2466 fictum
799 2433 830 2466 a
870 2432 1002 2466 sono
1042 2414 1196 2466 risus,
1338 2415 1442 2465 114
1482 2412 1784 2465 intererit

222 2563 250 2601 4
280 2558 404 2602 malo
436 2559 581 2602 deleuz'
726 2564 750 2602 5
784 2558 1026 2614 tragoedia
1059 2559 1121 2602 M
1264 2565 1285 2601 7
1319 2559 1524 2614 pedestri
1558 2558 1617 2601 M
1758 2563 1782 2600 S

104 2616 272 2661 telefus
299 2618 362 2660 M
451 2622 503 2661 11
531 2614 653 2673 qdod
680 2618 742 2662 M
749 2634 761 2660 :
794 2617 875 2673 qui
908 2617 1065 2674 Pauly
1095 2619 1164 2662 ita
1188 2622 1239 2661 ut
1271 2633 1304 2661 e.
1335 2631 1377 2673 9.
1410 2617 1613 2661 Μοῦσαν
1644 2611 1781 2670 ληκύ-

100 2678 240 2720 θειον
270 2677 486 2720 eoeciderit
639 2681 690 2720 12
724 2676 981 2733 quaerellas
1015 2677 1076 2719 M
1219 2682 1270 2720 13
1304 2677 1493 2720 adtente
1527 2675 1590 2718 M
1731 2680 1782 2718 17

108 2735 216 2778 haec
245 2736 404 2791 delmi,
435 2736 542 2790 fort.
578 2749 697 2791 quae
730 2734 1016 2792 significauit)
1171 2741 1224 2780 18
1258 2734 1691 2778 demonsthemcum
1726 2734 1787 2777 M

223 2799 276 2838 19
310 2795 714 2850 quauabulauerat
744 2798 785 2838 et
815 2798 869 2837 21
902 2794 1173 2839 nabulasset
1204 2795 1268 2837 M
1414 2798 1468 2836 22
1502 2806 1649 2848 aeque
1680 2805 1785 2837 nos.-

102 2866 147 2897 ei
180 2866 267 2908 que
301 2853 363 2896 M
488 2859 542 2897 23
576 2868 682 2897 cum
714 2867 817 2897 eum
849 2852 1085 2910 indignari
1118 2852 1300 2897 uideret
1331 2854 1378 2896 et
1407 2853 1507 2896 toto
1541 2851 1784 2896 adfirmare

105 2927 135 2967 ς
253 2917 311 2957 26
342 2914 474 2956 tunc:
508 2926 614 2956 cum
648 2913 709 2955 Μ
822 2917 876 2955 29
908 2911 1091 2956 redebit
1120 2916 1162 2956 et
1191 2911 1325 2968 pleps
1359 2911 1636 2954 cachinnum
1669 2911 1732 2954 M

104 2975 162 3014 30
186 2971 400 3015 uerbum:
426 2971 536 3015 uersi
564 2972 626 3014 Μ
700 2976 750 3014 31
774 2965 1246 3021 οηοΜὸΤΟΠΟΙΕΙὰΝ
1269 2969 1400 3023 Mes.
1421 2971 1482 3013 ad
1498 2969 1785 3025 Epo.10,17
