1939 3197
580 55 694 99 ARS
727 53 988 99 POETIOA
1020 54 1765 106 220—261.353

78 210 177 261 pro
202 208 459 259 responso
486 192 614 256 erat,
653 193 713 241 ut
741 188 825 261 Τῷ
866 189 980 261 θεῷ
1021 186 1172 258 ἕπου,
1209 188 1328 261 Θεῷ
1356 188 1490 250 νοῦς
1522 191 1574 240 01
1598 191 1766 241 multa

80 283 216 334 quae
255 265 312 316 in
349 264 550 332 templo
575 262 823 331 Delphici
849 243 1117 330 Apollinis
1159 262 1359 330 scripta
1399 265 1524 314 sunt
1563 266 1767 331 septem

81 338 404 407 sapientium
428 339 728 406 praecepta.
807 335 1131 388 sententiam
1157 336 1408 404 ᾶ1Χ11,111
1440 337 1581 404 apud
1606 335 1768 388 Grae-

81 430 172 465 cos
222 408 432 479 γνσόμη.
583 410 690 462 220
762 410 1040 461 carmine
1103 410 1209 478 qui
1270 411 1520 479 tragico
1574 410 1769 462 uilem

80 485 357 537 certauit
412 484 487 536 ob
541 484 804 535 hircum.
882 484 1020 534 circa
1073 483 1216 536 hunc
1271 484 1414 535 enim
1468 484 1813 553 tragoedia-5

81 577 200 610 rum
242 558 526 625 scriptores
584 557 725 624 apud
782 557 1032 625 antiquos
1089 557 1507 625 contendebant,
1563 561 1616 609 et
1661 560 1768 609 tra—

83 632 274 701 goedia
311 631 434 683 inde
476 631 747 699 appellata
787 633 881 682 est.
997 630 1100 682 221
1158 648 1297 682 111οΧ
1352 631 1542 682 etiam
1592 648 1769 700 agre-

83 706 202 757 stis
260 703 528 773 Satyros
578 704 850 755 nudauit
902 704 1004 755 hoc
1044 706 1148 755 est:
1206 705 1442 771 satyrica
1481 708 1773 772 coeperunt

83 780 336 847 scribere,
390 782 451 830 ut
500 778 831 845 Pomponius
871 776 1169 828 Atalanten
1224 778 1311 828 uel
1366 776 1634 845 Sisyphon
1686 778 1772 829 uel

81 852 372 904 Ariadnen.
487 852 596 903 234
626 869 751 903 non
784 867 898 919 ego
939 850 1239 901 inornata
1280 853 1341 901 et
1373 851 1771 902 dominantia
1797 873 1836 903 10

80 926 339 977 nomina
380 925 594 977 solum.
646 925 970 975 inornata:
1009 924 1228 991 propria
1254 924 1591 992 significauit.
1669 924 1774 977 do-

83 999 398 1051 minantia
436 999 692 1050 nomina
732 1000 878 1064 sunt,
942 1015 1077 1065 quae
1123 1015 1303 1048 rerum
1341 998 1571 1065 propriis
1611 1016 1784 1054 uoca-.

83 1073 223 1125 bulis
262 1074 658 1140 nuncupantur
698 1074 780 1122 ut:
821 1070 944 1122 libri
984 1089 1144 1138 capsa
1181 1071 1397 1139 pagina.
1436 1071 1568 1123 haec
1594 1074 1772 1123 autem

82 1164 195 1198 non
223 1145 353 1198 adeo
380 1146 597 1213 propria
623 1147 748 1196 sunt
783 1147 845 1195 ut
867 1143 1090 1196 Uirtus
1129 1161 1221 1195 me
1259 1144 1460 1227 fregit
1498 1144 1773 1212 Aeneae,

85 1220 229 1294 quod
254 1222 355 1271 est:
395 1218 622 1270 Aeneas.
730 1219 835 1269 248
879 1218 1300 1270 offenduntur
1340 1218 1503 1269 enim
1543 1219 1772 1287 quibus
1800 1242 1841 1273 15

84 1291 182 1344 est
221 1311 416 1361 equus
465 1296 526 1343 et
574 1295 752 1360 pater
808 1294 867 1342 01
906 1309 1004 1343 res
1046 1291 1100 1342 id
1140 1294 1244 1342 est:
1286 1291 1488 1359 equites
1528 1291 1776 1360 Romani,

86 1367 281 1434 quibus
321 1367 581 1418 honestus
624 1383 811 1417 sensus
853 1368 954 1433 est,
1002 1365 1324 1433 proprietate
1365 1365 1650 1417 uerborum
1690 1366 1774 1417 de-

84 1440 362 1493 lectantur.
499 1439 604 1491 251
671 1439 919 1507 syllaba
981 1439 1175 1507 longa
1236 1439 1420 1490 breui
1485 1440 1777 1491 subiecta-

86 1517 350 1566 uocatur
410 1514 674 1565 iambus.
765 1512 849 1563 his
898 1512 1039 1564 enim
1079 1530 1172 1580 pes
1214 1512 1433 1580 syllabis
1474 1515 1702 1564 constat.

87 1587 196 1639 252
229 1588 389 1639 unde
423 1588 615 1638 etiam
646 1586 961 1638 trimetris
996 1586 1295 1638 accedere
1328 1586 1522 1638 iussit
1545 1603 1775 1638 nomen
1800 1609 1841 1640 20

89 1661 372 1713 iambeis.
452 1678 635 1712 omnes
686 1678 871 1711 uersus
922 1659 1114 1728 tragici
1164 1659 1381 1711 iambici
1418 1660 1649 1711 trimetri
1689 1678 1777 1728 ap-

89 1735 374 1802 pellantur.
453 1734 636 1802 quaeri
699 1735 879 1793 autem
941 1734 1098 1801 solet,
1160 1751 1254 1784 cur
1313 1733 1545 1784 trimetri
1601 1734 1778 1801 appel—

94 1809 295 1876 lentur,
351 1826 470 1859 cum
527 1826 682 1859 senos
725 1806 992 1874 accipiant
1030 1806 1206 1874 pedes.
1284 1806 1540 1874 quoniam
1580 1807 1781 1859 scilicet

89 1884 246 1933 tanta
294 1881 533 1933 breuitas
589 1885 671 1932 est
709 1881 926 1948 pedum,
987 1883 1048 1931 ut
1096 1880 1378 1932 iuncturae
1429 1880 1585 1932 binos
1637 1899 1780 1932 com-

88 1955 396 2022 plectantur
434 1954 612 2022 pedes,
727 1953 835 2005 254
896 1971 1023 2005 non
1084 1953 1175 2004 ita
1235 1953 1481 2020 pridem
1531 1954 1779 2006 tardior
1805 1976 1845 2007 25

91 2031 160 2080 ut
197 2028 387 2096 paulo
429 2028 815 2097 grauiorque
862 2027 1110 2080 ueniret
1162 2027 1234 2078 ad
1287 2045 1469 2079 aures
1513 2028 1581 2094 [fi.
1622 2047 1670 2079 11.
1712 2028 1778 2092 a.]

93 2102 234 2170 apud
290 2119 474 2153 omnes
529 2098 671 2153 enim
723 2101 969 2168 antiquos
1020 2101 1177 2153 uelox
1231 2104 1313 2152 est
1364 2104 1416 2152 et
1460 2120 1582 2153 raro
1625 2119 1782 2169 spon-

94 2175 253 2227 deum
289 2176 492 2243 recipit.
553 2193 695 2227 nunc
733 2175 835 2226 hoc
860 2177 1102 2242 tempore
1126 2174 1395 2226 inseritur.
1510 2174 1614 2226 257
1656 2192 1782 2226 non

93 2252 161 2300 111
200 2249 271 2301 de
313 2249 456 2300 sede
499 2249 772 2301 secunda
828 2248 1081 2300 cederet
1132 2252 1240 2300 aut
1293 2252 1531 2316 quarta.
1608 2245 1782 2316 potest

94 2323 206 2374 sine
247 2322 406 2374 dubio
445 2324 532 2374 uel
568 2323 742 2389 primo
781 2322 898 2373 loco
938 2323 1026 2373 uel
1062 2322 1222 2374 tertio
1264 2325 1356 2374 aut
1396 2323 1583 2390 quinto
1622 2322 1782 2372 inter·
1807 2341 1849 2374 30

96 2397 201 2448 seri
241 2396 513 2464 spondiuS,
555 2396 647 2448 sed
686 2396 868 2464 utique
909 2395 1141 2448 secundo
1176 2399 1230 2447 et
1255 2399 1445 2464 quarto
1473 2394 1782 2447 excluditur.

93 2470 180 2521 his
221 2470 365 2521 enim
403 2470 533 2522 locis
572 2470 782 2522 iambus
806 2469 1180 2537 interponitur.
1259 2470 1365 2521 261
1409 2472 1517 2521 aut
1557 2486 1783 2536 operae

86 2646 89 2648 ,
218 2607 240 2643 1
288 2601 396 2643 haee
448 2613 530 2643 nos
582 2601 660 2654 (cf.
711 2600 917 2644 Passoem
965 2600 1125 2654 Apost.
1173 2603 1257 2654 12,
1292 2603 1351 2644 21
1386 2598 1621 2653 Leutschr
1684 2599 1786 2641 erat

96 2659 591 2728 ΤωΘΕωΕΠΟΥΘΕῳΙ
626 2659 754 2714 Toyc
788 2660 850 2702 M
970 2664 994 2701 2
1029 2657 1187 2702 delfici
1221 2659 1283 2701 M
1401 2658 1575 2701 scribta
1609 2656 1670 2698 M
1759 2661 1784 2698 3

98 2718 195 2760 dixi
229 2718 290 2760 M
393 2722 420 2760 4
467 2713 626 2773 γνώμη
659 2719 821 2761 addidi
928 2723 952 2761 6
1002 2717 1248 2761 sonbtores
1282 2718 1344 2760 M
1455 2722 1479 2759 9
1529 2714 1786 2758 atalantem

98 2777 175 2820 uel
207 2776 381 2832 Slsyfon
415 2777 478 2818 M
589 2781 642 2819 12
689 2791 843 2820 rerum
881 2789 986 2820 nos:
1027 2789 1142 2819 reris
1176 2776 1257 2829 Μ,
1289 2789 1371 2819 om.
1407 2790 1454 2829 ς;
1510 2788 1653 2830 quum
1684 2778 1785 2817 res?

220 2841 273 2879 16
315 2848 489 2890 aequus
525 2835 587 2877 M
706 2840 759 2878 17
801 2849 960 2879 census
993 2850 1022 2890 ς
1138 2840 1191 2877 19
1224 2848 1306 2890 pes
1338 2846 1443 2877 nos:
1474 2834 1547 2876 ter
1581 2832 1643 2874 M
1730 2837 1785 2874 21

98 2894 267 2938 1amb1s
302 2894 365 2935 M
465 2894 609 2937 iambi
643 2895 706 2937 M
809 2899 863 2936 22
906 2894 1056 2938 solent
1089 2894 1152 2936 M
1261 2898 1316 2936 26
1350 2893 1422 2936 ut:
1456 2893 1539 2935 aut
1573 2891 1635 2934 M
1731 2896 1789 2934 30

101 2956 245 2996 tercio
279 2953 343 2995 M
438 2957 492 2996 32
539 2953 646 3006 fort.
678 2954 758 2997 hoc
790 2954 877 2998 sch.
910 2954 971 2997 ad
1002 2966 1047 2996 u.
1081 2955 1176 2997 264
1201 2953 1403 3007 pertinet

191 3042 465 3074 Ponrnrmox.
1376 3030 1401 3068 Ξ
1408 3030 1431 3067 3
