1939 3197
645 68 849 115 SERMO
883 69 917 125 Ι,
951 74 992 124 8,
1026 73 1215 112 21—34.
1663 66 1769 118 231

82 209 474 280 spectabant
498 206 751 259 ossibus
778 222 1012 275 agrum.
1058 202 1497 256 manifestissima
1522 202 1772 266 ἔλλειψις.

88 280 443 353 ‘spectabant'
485 280 629 333 enim
671 278 802 332 ‘non
840 279 1024 348 utique
1064 278 1155 330 alii
1194 295 1356 346 quam
1390 275 1655 328 homines'
1695 277 1773 328 in-

85 357 466 427 tellegendum.
587 354 655 407 21
706 354 894 406 simul
941 371 1009 404 ac
1057 370 1221 422 uaga
1273 352 1426 403 luna
1481 350 1774 402 decorum

89 431 370 501 protulit
409 448 477 482 os
519 428 671 498 quin
723 446 881 480 ossa.
958 427 1094 479 bene
1137 424 1332 495 ‘uaga'7
1373 424 1510 476 sicut
1547 423 1774 494 Uergi-

87 507 238 558 lius:
294 504 761 572 Errantemque
822 502 1053 554 lunam.
1205 501 1275 553 23
1338 498 1471 551 uidi
1526 501 1819 568 egomet5

81 580 275 650 ⁴nigra
332 577 726 630 succinctam
781 575 1013 628 uadere
1063 575 1238 643 palla
1285 572 1631 641 Canidiam.
1724 576 1777 625 et

82 654 220 706 <alibi
274 653 474 706 dictum
530 654 611 704 est
666 649 966 703 Gratidiam
1026 649 1244 702 nomine
1305 647 1471 699 fuisse
1524 645 1777 715 Neapoli-

93 731 280 780 tanam
319 725 758 796 unguentariam,
799 743 960 793 quam
1000 721 1281 776 Canidiam
1320 722 1408 773 hic
1447 721 1686 789 appellat
1724 724 1779 773 et

91 805 153 854 ut
192 801 488 855 ueneficam
527 799 714 868 carpit,
752 802 815 850 ut
852 797 1080 850 maxime
1120 798 1178 848 in
1217 796 1388 864 epodo
1430 794 1681 847 carmine.

85 875 162 929 ‘25
210 894 345 928 cum
393 873 645 944 Sagana
692 872 929 925 maiore
976 871 1348 923 ululantem.
1436 869 1656 921 memini
1693 886 1778 921 me
1804 886 1845 918 ιο

82 951 265 1019 legere
313 948 455 1017 apud
501 946 842 1000 Helenium
889 946 1203 1005 Acronem
1251 943 1522 1014 Saganam
1561 943 1778 996 nomine

88 1024 256 1077 fuisse
295 1022 513 1076 Horatii
550 1021 882 1089 temporibus
921 1019 1144 1088 Pompei
1182 1021 1216 1085 †
1256 1035 1462 1089 sagana
1501 1017 1780 1086 senatoriS‚

86 1099 184 1168 qui
245 1116 277 1149 a
336 1096 632 1149 triumuiris
694 1095 1027 1164 proscriptus
1090 1096 1185 1145 est.
1297 1093 1390 1145 sed
1452 1110 1574 1144 cum
1636 1091 1779 1144 dicat

92 1172 368 1239 maiorem,
398 1172 625 1240 apparet
656 1172 750 1222 aut
790 1186 1028 1222 sororem
1058 1167 1199 1220 hanc
1230 1167 1482 1219 habuisse
1517 1166 1780 1218 minorem

91 1264 168 1299 se.
196 1249 290 1298 aut
338 1245 504 1298 fuisse
552 1247 606 1296 et
652 1243 814 1296 aliam
854 1241 1126 1313 Saganam
1164 1242 1269 1294 illis
1309 1239 1642 1309 temporibus
1682 1240 1777 1291 mi·
1804 1255 1847 1288 15

90 1338 279 1373 norem
324 1320 426 1371 hac
472 1320 559 1370 uel
607 1320 781 1370 aetate
829 1318 916 1370 uel
955 1316 1226 1369 natalibus
1266 1316 1355 1368 uel
1394 1333 1571 1367 censu
1709 1314 1777 1366 27

88 1397 155 1447 et
184 1394 424 1463 pullam
457 1393 766 1446 diuellere
799 1391 1119 1444 mordicus
1159 1407 1387 1460 agnam
1415 1390 1781 1456 coeperunt.

89 1469 226 1522 haec
271 1468 535 1520 uidelicet.
641 1467 748 1519 iam
797 1466 864 1518 ad
909 1465 1170 1518 maleficia
1219 1464 1600 1516 ueneficiorum
1649 1462 1782 1515 haec

89 1543 379 1612 pertinent.
470 1542 711 1610 pullam
760 1543 939 1593 autem
985 1540 1199 1609 nigram
1238 1539 1474 1606 accipere
1514 1537 1784 1605 debemus,

91 1619 154 1669 ut
192 1619 246 1669 et
284 1615 623 1685 Uergilius
665 1615 740 1667 ait
773 1613 863 1666 Ne
904 1614 1171 1666 maculis
1211 1612 1497 1665 infuscet
1535 1611 1780 1663 uellera
1805 1627 1848 1659 20

91 1691 291 1760 pullis
330 1693 722 1742 nascentum.
819 1689 888 1741 28
921 1691 990 1740 ut
1028 1688 1173 1740 inde
1212 1704 1428 1739 manes
1469 1685 1783 1738 elicerent

90 1765 337 1817 animas
377 1782 691 1834 responsa
731 1763 1007 1815 daturas,
1107 1762 1239 1813 mire
1287 1761 1490 1813 dictum
1530 1762 1613 1812 est
1652 1758 1781 1811 ‘ma-

88 1857 189 1892 nes
230 1838 454 1891 animas'
494 1839 597 1891 hoc
639 1841 741 1890 est:
789 1855 925 1906 quae
974 1836 1184 1889 animae
1224 1853 1410 1887 manes
1451 1837 1599 1902 sunt7
1638 1836 1700 1885 ut
1739 1833 1783 1885 si

87 1914 312 1966 diceret:
352 1931 537 1965 manes
577 1914 926 1965 mortuorum.
1064 1911 1136 1963 30
1183 1911 1371 1962 lanea
1411 1911 1472 1960 et
1511 1907 1782 1976 effigies

92 1991 233 2039 erat
271 1988 477 2039 altera
515 2004 710 2039 cerea.
796 1985 926 2038 ordo
975 1988 1077 2037 est:
1131 1984 1290 2036 lanea
1337 1981 1543 2051 effigies
1584 1983 1700 2033 erat
1739 1984 1785 2032 et
1805 1997 1851 2029 25

90 2063 266 2114 altera
305 2077 469 2113 cerea.
599 2061 670 2112 30
709 2060 910 2111 maior
948 2059 1136 2110 lanea
1175 2075 1331 2126 quae
1370 2055 1597 2124 poenis
1637 2073 1784 2107 con-

92 2138 389 2204 pesceret
426 2134 820 2187 inferiorem.
899 2133 974 2185 sic
1013 2133 1273 2202 figuratas
1314 2130 1442 2182 dicit
1479 2129 1646 2182 fuisse
1683 2129 1784 2182 has

90 2210 229 2262 -duas
285 2208 489 2278 effigies
499 2251 511 2276 ,
565 2211 627 2260 ut
678 2208 835 2259 lanea
890 2206 1212 2275 supplicium
1263 2204 1325 2257 de
1374 2221 1525 2256 cerea
1577 2221 1784 2256 sumere

93 2283 381 2335 uideretur.
483 2283 555 2335 34
595 2284 927 2350 serpentes
968 2284 1157 2350 atque
1196 2279 1451 2332 uideres
1491 2277 1785 2330 infernas

219 2451 247 2488 4
277 2446 390 2489 Aen.
427 2450 466 2500 1,
501 2449 584 2488 742
708 2448 732 2487 9
765 2442 881 2499 Epo.
915 2447 940 2486 5
1064 2447 1119 2486 20
1153 2440 1320 2498 Georg.
1354 2445 1394 2496 3,
1429 2444 1514 2484 389

220 2584 242 2620 1
279 2591 362 2621 ·en·
395 2578 580 2622 ΛΙΨΕΙΕ·
615 2577 678 2619 M
839 2581 864 2620 3
898 2589 1024 2619 uana
1056 2576 1119 2619 M
1275 2580 1300 2618 6
1332 2573 1510 2629 pallam
1543 2571 1606 2615 M
1761 2575 1787 2614 8

94 2636 278 2693 apellat
296 2637 358 2679 M
454 2642 479 2680 9
505 2636 715 2692 epodon?
820 2640 873 2679 10
897 2648 1123 2678 maiorem
1146 2634 1211 2677 M
1310 2638 1360 2676 11
1388 2632 1788 2675 helenemcronem

100 2697 165 2739 M
296 2700 348 2738 12
381 2695 670 2752 temporibus
702 2694 921 2738 libertam
951 2693 1147 2750 Pompei
1177 2690 1401 2737 senatoris
1433 2705 1463 2746 ς
1600 2694 1652 2732 13
1684 2702 1789 2744 pre·

96 2756 300 2811 scriptus
335 2755 398 2797 M
517 2758 571 2799 15
602 2753 767 2798 fuisse:
798 2753 1014 2821 habuisse
1048 2753 1112 2796 M
1230 2757 1284 2820 le}
1316 2751 1425 2794 hac:
1458 2750 1577 2792 hanc
1611 2747 1674 2790 M

97 2814 314 2918 inganligiiss
331 2813 628 2917 —.-.hg{turus
639 2811 1468 2916 uffiefimoggnilnaiiiibnsugliiiiriaasmff
1508 2808 1570 2851 M
1588 2869 1645 2910 24
1677 2812 1790 2910 effzffi

97 2946 199 2990 gles
231 2933 294 2976 M
411 2936 466 2975 25
499 2933 548 2976 et
578 2932 684 2976 add.
716 2931 928 2976 Hauthal
1033 2936 1089 2976 26
1122 2943 1212 2987 que
1243 2943 1374 2986 penis
1408 2927 1471 2970 M
1581 2931 1636 2970 27
1668 2925 1791 2983 figu-

97 2993 206 3036 rata
238 2992 301 3036 M
418 2995 474 3035 28
507 2989 704 3046 effugias
739 2991 802 3033 M
