1939 3197
157 562 710 641 POMPONII
777 561 1245 642 PORPHY
1248 554 1715 648 RIONIS

615 707 1173 767 COMMENTARH

338 841 426 900 IN
474 842 536 910 Q.
585 840 1005 899 HORATIUM
1051 841 1437 901 FLACCUM.

620 1074 797 1127 Uita
850 1074 1166 1127 Horatii.

199 1221 429 1284 Quintus
468 1222 725 1275 Horatius
765 1222 985 1275 Flaccus
1032 1226 1193 1290 poeta
1238 1223 1434 1290 lyricus
1481 1223 1732 1276 libertino

48 1298 201 1362 patre
246 1299 404 1348 natus
449 1297 624 1364 patria
663 1295 901 1348 Uenusia
948 1299 1097 1348 ortus
1146 1296 1366 1348 dubium
1405 1296 1616 1364 Apulus
1666 1316 1736 1349 an

47 1367 295 1421 Lucanus
342 1373 402 1421 ut
447 1371 560 1438 ipse
608 1371 921 1423 confitetur:
975 1368 1132 1421 Nam
1178 1368 1545 1422 Uenusinus
1595 1374 1735 1423 arat

48 1442 244 1494 finem
283 1443 396 1495 sub
435 1446 768 1512 utrumque
809 1444 1092 1512 colonus,
1134 1461 1267 1511 puer
1307 1443 1592 1495 admodum
1624 1444 1775 1496 R0-⁵

47 1534 192 1569 mam
239 1535 359 1568 cum
411 1520 631 1584 parente
677 1517 956 1586 migrauit,
1009 1520 1069 1568 ut
1122 1517 1236 1585 ipse
1292 1517 1447 1569 dicit:
1505 1516 1738 1570 Romae

47 1590 290 1642 nutriri
336 1591 490 1642 mihi
538 1591 820 1660 contigit
866 1593 1055 1659 atque
1103 1590 1331 1643 doceri.
1410 1609 1569 1674 quem
1615 1610 1736 1644 611111

46 1668 199 1732 pater
245 1664 482 1716 misisset
526 1666 586 1717 in
622 1665 808 1716 ludum
846 1665 1189 1733 litterarium,
1235 1665 1572 1733 paucissimis
1621 1683 1736 1717 eru-

47 1738 189 1790 ditus
227 1738 466 1806 inpensis
508 1739 786 1808 angustias
825 1739 1002 1807 patris
1035 1739 1166 1791 uicit
1197 1739 1430 1808 ingenio.
1491 1739 1734 1792 Athenas

45 1812 182 1880 petit
217 1812 427 1864 iuuenis
468 1816 521 1865 et
551 1813 628 1865 ibi
659 1813 1127 1881 interpellantibus
1162 1831 1276 1865 sese
1309 1813 1555 1865 ciuilibus
1579 1813 1733 1866 bellis
1760 1835 1801 1866 10

45 1884 201 1937 Bruti
257 1889 468 1938 secutus
524 1889 606 1939 est
657 1890 852 1955 partes
938 1906 969 1939 a
1024 1905 1128 1956 quo
1183 1887 1402 1938 militari
1450 1887 1737 1940 tribunatu

47 1959 344 2013 honoratus
389 1978 500 2013 non
546 1964 608 2012 ut
654 1961 815 2013 ceteri
854 1962 911 2012 in
950 1962 1193 2029 partibus
1233 1961 1390 2013 uictis
1430 1979 1736 2028 perseuera-

46 2034 139 2086 uit.
217 2034 310 2086 sed
358 2052 478 2086 cum
526 2035 750 2087 carmini
795 2035 1147 2102 incumberet,
1203 2037 1389 2101 captus
1439 2053 1470 2085 a
1509 2033 1735 2087 Caesare

50 2108 146 2173 [et]
201 2111 325 2175 post
377 2126 636 2177 magnum
689 2112 900 2176 tempus
947 2108 1207 2160 beneficio
1257 2107 1584 2160 Maecenatis
1623 2127 1736 2161 non

48 2181 221 2234 solum
261 2184 505 2233 seruatus
544 2181 636 2233 sed
676 2182 837 2233 etiam
876 2180 1092 2234 Caesari
1137 2182 1195 2232 in
1236 2181 1528 2235 amicitiam
1565 2182 1728 2234 tradi·
1758 2203 1800 2236 15

47 2257 174 2315 tus„
226 2255 366 2306 unde
412 2255 469 2306 in
515 2255 775 2308 honorem
821 2255 1148 2308 Maecenatis
1205 2255 1467 2324 quaedam
1523 2257 1736 2324 scripsit

47 2332 131 2381 ut:
185 2328 523 2381 Maecenas
573 2329 784 2381 atauis
827 2329 994 2381 edite
1032 2330 1295 2399 regibus
1335 2332 1388 2381 et
1426 2330 1735 2382 beniuolen—

7 2410 10 2411 ’
46 2404 178 2456 113111
219 2401 460 2456 Caesaris
509 2403 742 2455 carmine
789 2406 1124 2472 prosecutUS,
1176 2406 1236 2455 ut
1275 2406 1356 2455 est
1393 2404 1548 2455 illud:
1602 2402 1735 2456 Neu
1819 2460 1834 2466 ⁸

49 2478 225 2529 sinas
272 2476 486 2529 Medos
536 2478 782 2543 agitare
837 2478 1087 2528 inultos
1141 2480 1202 2528 te
1258 2477 1431 2546 duce,
1488 2476 1734 2530 Caesar.

166 2627 193 2664 4
225 2636 356 2666 serm.
392 2628 431 2677 2,
466 2628 504 2678 1,
539 2628 594 2666 35
741 2628 765 2667 6
798 2637 869 2679 ep.
904 2628 943 2679 2,
979 2629 1018 2679 2,
1050 2628 1104 2665 41
1247 2628 1299 2666 17
1334 2622 1404 2666 od.
1442 2628 1479 2679 1,
1517 2628 1553 2678 1,
1590 2628 1612 2665 1

49 2686 103 2725 18
136 2681 206 2723 od.
244 2686 281 2735 1,
315 2686 355 2735 ⁶2,
390 2688 442 2724 51

168 2820 189 2857 1
230 2814 376 2857 UITA
416 2813 635 2869 ORATH,
682 2815 789 2858 inde
830 2816 996 2870 incipit
1037 2815 1099 2857 M
1243 2820 1268 2857 2
1319 2813 1422 2866 QUI
1469 2813 1731 2858 ORATIUS

0 2893 10 2908 -·
44 2871 298 2931 FLAClcus
332 2873 394 2916 M
527 2878 552 2916 3
585 2886 798 2930 361111813,
837 2889 867 2917 11
905 2887 939 2917 s.
973 2875 1002 2917 l.
1035 2875 1218 2927 addita,
1252 2874 1314 2916 M
1445 2877 1498 2915 11
1538 2872 1732 2916 militari

6 2973 11 2976 .
48 2931 257 2988 (militiae
268 2936 305 2987 5³)
336 2932 581 2976 tribunatu
609 2945 713 2976 iios:
746 2933 918 2976 militia
947 2933 1214 2977 tribunatus
1248 2932 1311 2975 M
1421 2937 1476 2975 14
1509 2933 1556 2976 et
1586 2932 1733 2975 deleui

139 2995 192 3034 15
224 2993 434 3035 seruatus
467 2992 538 3034 est
569 2991 678 3035 sed?
794 2997 847 3036 19
881 2994 1061 3048 agitare
1095 2992 1180 3034 M:
1212 2991 1422 3047 equitare
1455 2991 1570 3036 Hor.
1604 2991 1730 3034 codd.

134 3082 406 3113 Ponrmrmon.
1352 3071 1372 3108 1
