1939 3197
666 88 786 133 0οΕ
820 89 898 145 111,
932 94 959 132 4
992 90 1039 133 et
1071 93 1109 134 5.
1657 91 1727 144 85

42 226 173 277 ruit
213 243 336 278 sua.
438 224 569 276 haec
609 227 663 276 et
701 225 966 294 generalis
1008 228 1090 277 est
1129 226 1396 278 sententia
1436 230 1489 278 et
1528 227 1726 294 specia-

45 299 167 352 liter
204 302 480 367 praeterea
520 315 662 350 nunc
703 298 769 350 ad
805 296 1064 368 Gigantes
1103 299 1351 367 pertinet.
1451 301 1520 353 66
1556 301 1724 368 [quia]

42 373 167 425 uim
242 374 660 440 temperatam
738 372 825 423 dii
901 391 1148 440 quoque
1225 374 1592 441 prouehunt
1662 375 1728 426 in

42 447 258 499 maius,
334 447 436 499 hoc
477 446 543 497 ad
583 445 892 515 Augustum
931 447 1048 498 uult
1087 445 1288 516 referri,
1328 466 1485 516 quem
1526 448 1727 500 scilicet

41 519 238 572 fortem
276 521 518 590 intellegi
558 520 676 572 uult
715 523 768 572 et
809 519 1038 587 doctum,
1078 538 1172 588 per
1213 539 1347 589 quae
1388 522 1456 573 ad
1490 522 1726 574 sublimi·
1750 534 1769 567 5

39 595 209 646 tatem
254 595 464 663 imperii
510 594 655 646 fama
701 595 1021 663 peruenerit.
1175 595 1243 646 70
1290 599 1480 648 notus
1530 599 1590 648 et
1629 597 1727 648 in-

39 669 262 736 tegrae
312 671 665 737 temptator
717 667 913 720 Orion
966 666 1227 720 Dianae.
1327 673 1380 721 et
1425 669 1511 721 hic
1554 669 1725 723 etestis

39 743 122 792 est
145 759 385 794 mearum
411 741 814 795 sententiarum'
842 742 1034 810 accipe.
1098 740 1264 794 Orion
1289 746 1467 795 autem
1492 743 1726 796 Dianam

37 817 281 883 stuprare
322 834 441 868 cum
472 819 804 885 temptasset,
843 816 1043 885 sagitta
1074 815 1187 867 eius
1221 816 1425 868 occisus
1460 821 1554 869 est.
1656 819 1725 871 73

36 888 277 941 iniecta
316 891 626 942 monstris
667 890 861 942 Terra
903 889 1076 942 dolet
1117 890 1263 943 suis,
1326 890 1504 960 Terra7
1535 892 1726 961 inquit,
1751 908 1792 940 10

37 966 208 1014 mater
259 963 403 1016 dolet
455 964 593 1017 filios
657 982 780 1016 suos
836 962 1095 1033 Gigantes
1159 982 1214 1016 se
1277 965 1550 1017 montibus
1615 966 1724 1018 suis

37 1054 292 1105 premere.
403 1037 471 1090 75
511 1056 624 1090 nec
664 1038 916 1106 peredit
954 1038 1307 1106 inpositam
1348 1039 1515 1091 celer
1554 1040 1724 1110 ignis

38 1108 300 1164 Aetnen.
403 1113 580 1164 Aetna
641 1131 797 1165 mons
859 1111 1132 1165 Encelado
1197 1114 1565 1181 superpositus
1629 1116 1724 1182 est,

41 1201 199 1252 quem
238 1187 327 1255 ait,
368 1187 612 1255 quamuis
646 1186 1007 1255 superardeat,
1045 1205 1155 1239 non
1193 1189 1376 1238 tamen
1416 1188 1625 1239 absumi
1663 1191 1725 1239 ut

41 1275 249 1328 semper
289 1278 409 1312 eum
445 1263 668 1329 premat.
772 1261 837 1312 77
880 1261 1353 1312 incontinentis
1393 1279 1504 1312 nec
1546 1261 1724 1329 Tityi
1749 1276 1790 1310 15

37 1332 212 1385 iecur
251 1334 566 1403 relinquit
606 1335 751 1386 ales,
825 1334 1230 1386 incontinentis:
1270 1334 1559 1387 libidinosi.
1634 1335 1723 1388 hic

38 1409 216 1458 autem
265 1408 483 1460 adortus
524 1411 604 1460 est
641 1407 1018 1477 Proserpinam
1058 1409 1145 1460 uel
1183 1411 1243 1459 ut
1283 1409 1394 1459 alii
1435 1409 1586 1460 aiunt
1624 1408 1723 1460 La-

37 1483 245 1549 tonam3
286 1482 353 1534 ob
396 1482 538 1550 quod
577 1483 722 1534 iecur
762 1483 872 1534 eius
915 1501 1123 1550 semper
1146 1499 1428 1534 renascens
1455 1501 1486 1534 a
1509 1483 1723 1535 uulture

40 1555 383 1608 consumitur.
489 1556 555 1608 79
598 1559 944 1608 amatorem
984 1559 1309 1608 trecentae
1350 1555 1723 1609 Perithoum

37 1628 345 1681 cohibent
385 1632 662 1682 catenae.
726 1648 891 1698 aeque
932 1634 985 1682 et
1023 1630 1110 1682 hic
1135 1630 1511 1698 Proserpinam
1536 1648 1722 1699 rapere
1747 1647 1789 1680 20

37 1703 344 1772 temptauit,
392 1704 459 1756 ob
502 1704 644 1772 quod
685 1704 878 1756 dicitur
917 1705 1128 1756 uinctus
1170 1722 1283 1756 esse
1324 1704 1466 1773 apud
1506 1704 1722 1758 inferos,

746 1864 864 1908 0οΕ
900 1870 939 1920 3,
975 1869 1014 1908 5.

183 1954 373 2008 Caelo
414 1959 746 2009 tonantem
786 1956 1177 2008 credidimus
1217 1955 1258 2007 I.
1298 1975 1337 2007 r.
1413 1955 1605 2022 famae,
1644 1955 1722 2006 in-

37 2028 167 2096 quit,
204 2032 416 2081 tantum
449 2030 511 2081 de
551 2030 696 2083 Iouis
732 2030 1102 2099 magnitudine
1136 2029 1477 2081 credidimus:
1521 2031 1720 2096 quanto

39 2103 212 2171 magis
265 2103 327 2154 de
378 2103 614 2172 Augusti
665 2103 984 2155 credendum
1036 2105 1138 2171 est,
1190 2103 1338 2154 cuius
1389 2103 1616 2155 uirtutes
1668 2105 1723 2155 et
1745 2117 1788 2151 25

37 2177 337 2243 potentiam
392 2195 574 2229 omnes
628 2195 739 2229 non
794 2177 1036 2229 audimus
1047 2218 1060 2244 ,
1124 2176 1215 2228 sed
1276 2176 1535 2228 uidemus,
1686 2177 1720 2228 3

37 2249 307 2302 adiectis
347 2249 681 2303 Britannis
721 2251 989 2320 imperio
1024 2250 1459 2320 grauibusque
1491 2250 1721 2303 Persis,

34 2342 130 2392 per
175 2324 272 2376 has
321 2328 507 2394 gentes
560 2326 626 2377 ab
677 2325 867 2377 ultima
919 2324 1208 2377 occidentis
1248 2325 1408 2393 plaga
1447 2343 1614 2393 usque
1655 2325 1722 2376 ad

35 2397 346 2450 orientalem
385 2417 481 2467 per
520 2399 977 2452 continuationem
1018 2397 1316 2450 adiunxisse
1356 2399 1581 2467 imperio
1624 2417 1719 2451 suo

33 2473 203 2523 terras
244 2472 553 2542 Augustum
591 2474 831 2542 intellegi
870 2474 1001 2525 uult.
1116 2472 1150 2524 5
1197 2473 1461 2524 milesne
1503 2471 1721 2525 Crassi
1744 2488 1787 2520 30

37 2546 305 2615 coniuge
356 2547 646 2599 barbara.
748 2565 868 2599 cum
918 2546 1344 2616 magnitudinem
1398 2565 1576 2598 rerum
1631 2563 1720 2615 ge-

37 2621 240 2670 starum
287 2619 519 2689 Augusti
567 2624 1056 2689 commemorasset,
1102 2620 1414 2689 indignatur
1461 2638 1550 2673 eos
1561 2662 1574 2688 7
1629 2620 1721 2688 qui

155 2769 179 2808 3
212 2766 481 2822 prouehunc
515 2767 578 2810 M
704 2773 728 2811 6
760 2766 888 2811 fama
921 2759 1006 2811 om}
1038 2767 1131 2810 cod.
1164 2766 1306 2809 Rern.
1446 2771 1499 2809 10
1532 2766 1720 2811 inuecta

36 2823 100 2867 M
219 2830 271 2868 12
304 2838 541 2881 praemere
576 2826 638 2869 M
755 2827 960 2870 absumit
993 2826 1056 2869 M
1196 2830 1250 2868 15
1282 2825 1429 2868 nectit
1460 2839 1506 2867 ui
1541 2825 1605 2868 M

37 2887 91 2926 16
122 2885 464 2928 1ncont1nentes
496 2884 767 2929 libidinosos
947 2890 1002 2928 21
1036 2884 1218 2928 uinctus
1250 2897 1347 2927 esse
1379 2896 1484 2927 nos:
1521 2888 1624 2928 mee
1660 2884 1723 2928 M

35 2942 211 2987 catenis
241 2943 493 2987 innodatus
526 2958 625 2988 esse
659 2959 687 2999 ς
807 2950 862 2988 23
895 2944 1123 2988 credimus
1159 2943 1221 2985 M
1335 2947 1390 2986 26
1424 2956 1582 2987 omnes
1614 2956 1718 2987 snos:

35 3013 218 3044 omnem
252 3003 314 3045 MT
432 3007 486 3046 27
521 3002 678 3047 eiectis
709 3003 927 3047 brittanis
963 3004 1025 3047 M
