1939 3197
141 157 211 208 62
587 119 594 134 ι
812 158 931 203 ODE
965 159 1020 215 Π,
1055 165 1124 203 12.

138 293 312 362 magis
352 293 602 346 remissas
644 297 698 345 et
735 294 967 362 iocosas3
1007 297 1243 347 ceterum
1283 299 1403 348 acta
1435 294 1681 349 Caesaris
1721 316 1833 350 me-

136 366 241 419 lius
265 367 443 435 ipsum
469 368 713 419 scribere.
814 367 848 419 5
889 371 950 419 et
988 369 1251 420 nimium
1289 388 1457 422 mero
1498 370 1836 438 Hylaeum,

136 441 403 493 nimium
453 460 551 510 pro
591 441 921 493 intolerabili
959 443 1153 510 posuit.
1230 443 1474 511 Hylaeus
1514 463 1654 496 unus
1695 443 1836 497 Cen-

136 517 414 567 taurorum
453 516 570 567 fuit.
625 519 817 567 notum
857 519 939 568 est
978 520 1157 568 autem
1195 517 1459 584 proelium
1497 518 1645 586 illud,
1686 520 1830 587 quod

91 606 111 637 5
136 589 277 640 inter
315 588 574 657 Lapithas
616 592 669 641 et
705 588 1004 642 Centauros
1043 591 1101 641 in
1141 591 1391 643 conuiuio
1431 592 1662 659 nuptiali
1684 592 1836 644 Peri-

134 662 252 714 thoi
292 666 345 714 et
384 663 780 732 Hippodamiae
821 664 1032 716 exarsit.
1167 665 1195 716 7
1240 664 1520 716 Telluris
1560 665 1828 719 iuuenes

135 734 399 806 Gigantas
440 738 582 790 dicit.
701 739 729 789 7
780 739 943 790 unde
984 738 1340 806 periculum
1379 739 1639 808 fulgens
1681 759 1833 793 con-

134 812 402 863 tremuit
457 812 689 864 domus.
781 831 879 880 pro
934 812 985 864 ‘a
1032 812 1262 881 quibus',
1316 815 1376 864 ut
1427 816 1507 864 est
1545 813 1677 865 illud
1716 815 1830 866 Te-

133 886 523 938 rentianum:
593 887 639 938 E
704 885 1147 955 'praedonibus
1217 887 1380 938 unde
1453 891 1695 939 emerat
1765 907 1829 941 se

67 978 109 1008 1ο
135 959 408 1012 audisse.
547 961 579 1012 9
621 964 816 1029 tuque
855 961 1268 1029 pedestribus
1308 980 1358 1029 p.
1400 961 1447 1012 d.
1487 960 1538 1012 h.
1577 963 1830 1029 proelia

135 1030 446 1085 Caesaris.
545 1034 647 1087 1100
696 1038 798 1086 est:
849 1036 1026 1087 soluta
1066 1038 1119 1086 et
1159 1035 1303 1087 ciuili
1345 1035 1603 1087 oratione.
1759 1038 1833 1088 14

131 1107 413 1160 lucidum
452 1107 774 1178 fulgentis
817 1110 1035 1162 oculos
1074 1128 1171 1177 pro
1215 1109 1406 1161 ‘lucide
1446 1109 1726 1178 fulgentis’
1765 1114 1829 1162 ut

132 1179 462 1250 Uergilius
504 1184 580 1234 ait
618 1183 1022 1235 Horrendum
1063 1183 1346 1236 stridens
1378 1202 1476 1251 pro
1505 1182 1834 1236 thorrende’r

137 1254 204 1306 15
251 1259 313 1307 et
360 1256 517 1308 bene
565 1257 804 1308 mutuis
853 1257 1054 1309 fidum
1100 1276 1150 1325 p.
1199 1276 1244 1309 a.
1346 1257 1475 1309 ordo
1525 1260 1625 1309 est:
1666 1258 1826 1310 bene

64 1346 105 1378 15
130 1328 333 1381 fidum
379 1330 433 1381 id
474 1333 555 1382 est
593 1331 750 1382 ualde
790 1331 968 1383 fidum.
1111 1332 1177 1383 18
1219 1349 1334 1383 nec
1374 1331 1521 1383 dare
1561 1331 1829 1384 brachia

130 1402 184 1454 id
227 1407 308 1455 est
341 1405 550 1456 saltare
629 1406 696 1456 21
734 1404 914 1457 diues
948 1405 1402 1458 Achaemenes,
1456 1403 1828 1458 Achaemenes

129 1494 221 1528 rex
260 1477 586 1531 Parthorum
632 1479 751 1530 fuit.
903 1480 973 1530 22
1027 1483 1135 1531 aut
1188 1480 1453 1549 pinguis
1500 1478 1827 1549 Phrygiae

129 1550 517 1620 Mygdonias
574 1571 747 1621 opes:
798 1572 828 1604 a
868 1552 1145 1622 Mygdone
1192 1571 1341 1636 rege,
1389 1553 1480 1621 qui
1525 1552 1828 1622 Phrygiam

129 1625 320 1677 tenuit
470 1627 541 1678 23
589 1630 840 1694 permut
823 1645 954 1678 are
1001 1627 1165 1678 uelis
1218 1628 1393 1678 crine
1434 1626 1832 1694 Licymniae.

64 1726 106 1757 20
132 1717 320 1751 sensus
361 1703 466 1752 est.
506 1719 638 1752 num
677 1704 738 1753 tu
777 1702 912 1752 uelis
952 1701 1192 1770 accipere
1216 1701 1497 1753 Parthicas
1538 1703 1632 1752 aut
1655 1701 1826 1770 Pliry-

130 1773 247 1842 gias
280 1774 512 1843 diuitias,
551 1777 612 1826 ut
635 1774 947 1842 Licymniae
986 1775 1220 1827 fructum
1261 1776 1491 1827 amittas.
1581 1775 1654 1827 24
1691 1776 1826 1844 ple-

129 1865 242 1899 nas
285 1851 394 1899 aut
425 1848 705 1901 Arabum
747 1849 979 1901 domos,
1041 1850 1268 1916 plenas
1308 1868 1405 1917 pro
1441 1849 1711 1917 opulentis
1749 1849 1829 1901 di-

130 1924 275 1974 ctum
323 1925 417 1974 est.
524 1922 596 1974 25
644 1941 781 1976 011111
826 1923 1189 1992 flagrantia
1230 1924 1571 1990 detorquet
1610 1923 1686 1974 ad
1726 1941 1825 1976 os-

130 1996 272 2048 cula
312 1997 637 2049 ceruicem.
692 1997 976 2066 magnifice
1002 1997 1244 2065 depinxit
1274 1997 1551 2049 fastidium
1583 1998 1829 2050 mulieris.

62 2096 104 2129 25
130 2070 422 2123 auertentis
476 2089 530 2124 se
583 2071 649 2123 ab
698 2089 759 2124 eo
802 2072 893 2139 qui
933 2072 1163 2124 osculari
1205 2090 1259 2123 se
1298 2072 1443 2123 uelit.
1522 2070 1665 2138 quod
1702 2071 1823 2124 ideo

127 2144 304 2196 facere
357 2146 553 2214 solent,
603 2149 665 2208 ut
713 2145 939 2197 inritent
989 2145 1295 2197 amantibus
1352 2145 1672 2197 desiderium
1724 2145 1822 2197 sui.

127 2218 491 2286 flagrantia
531 2237 658 2288 ergo
701 2221 884 2272 oscula
923 2220 1128 2272 maiora
1152 2220 1546 2289 intellegamus,
1583 2218 1686 2271 hoc
1726 2222 1828 2288 est,

129 2309 193 2343 ex
232 2292 494 2345 desiderio
536 2294 774 2345 mulieris
816 2294 1060 2346 ardentia
1101 2294 1298 2362 oscula,
1338 2311 1474 2362 quae
1515 2293 1698 2345 oscula
1724 2293 1822 2344 sci-

127 2365 255 2417 licet
292 2366 424 2418 uelit
464 2366 566 2418 sibi
606 2385 637 2418 a
675 2370 931 2436 poscente
961 2368 1278 2435 extorqueri.
1379 2368 1448 2418 26
1490 2369 1599 2417 aut
1637 2366 1822 2418 facili

64 2469 106 2500 30
132 2440 416 2491 saeuitia
454 2443 663 2510 negat.
765 2441 890 2509 quid
939 2445 1020 2492 est
1061 2440 1251 2492 ‘facilis
1294 2438 1577 2492 saeuitia'?
1638 2442 1822 2492 utrum

129 2531 264 2581 quae
317 2513 474 2566 facile
529 2514 777 2566 irascitur
832 2533 902 2566 an
957 2532 1091 2583 quae
1137 2514 1295 2566 facile
1342 2513 1618 2566 mollitur?
1748 2514 1821 2566 28

127 2587 453 2640 interdum
514 2607 739 2657 rapere
803 2591 1096 2656 occupet:
1167 2589 1286 2656 ipsa
1346 2606 1533 2657 rapere
1597 2590 1825 2656 occupet

248 2754 273 2792 9
305 2748 422 2792 Eun.
459 2754 497 2804 1,
532 2754 572 2803 2,
606 2754 662 2792 34
788 2754 839 2792 13
873 2751 985 2793 Aen.
1021 2754 1060 2805 6,
1094 2753 1179 2793 288

251 2902 303 2940 10
336 2899 370 2939 t.
402 2912 447 2940 11.
481 2911 525 2951 q.
557 2911 603 2953 p.
639 2896 680 2939 d.
718 2896 780 2938 M
900 2902 955 2939 14
986 2896 1134 2940 fidam
1165 2909 1241 2952 pa.
1277 2896 1339 2938 M
1467 2901 1520 2955 16
1553 2895 1819 2939 achemenis

129 2954 196 2998 bis
230 2955 293 2997 M
412 2961 465 2999 19
497 2956 731 3013 lycymme
767 2955 830 2997 M
949 2961 1004 2999 20
1036 2955 1214 3012 frygias
1250 2956 1313 2998 M
1431 2959 1484 2998 21
1517 2954 1724 3013 licimme
1758 2955 1822 2997 M

248 3019 302 3057 22
335 3016 389 3057 ut
420 3015 485 3057 M
609 3019 665 3059 26
697 3014 903 3058 inrident
935 3015 998 3057 M
1123 3019 1177 3058 :28
1210 3014 1434 3070 osulaque
1467 3013 1531 3056 M
1662 3018 1720 3058 30
1750 3013 1819 3057 fa-

129 3072 389 3132 cileseuitla
422 3073 485 3116 M
