1939 3197
194 95 306 146 244
746 96 948 142 SERMO
981 97 1035 152 Π,
1072 103 1110 151 1,
1147 103 1333 143 16-30,

197 231 506 300 descripsit,
554 230 765 284 Ennius
816 250 944 285 uero
985 233 1140 285 bella.
1218 234 1368 301 [fecit
1407 235 1499 303 qui
1538 235 1708 289 uitam
1748 236 1893 290 illius

195 325 294 374 pro
335 306 514 372 bella]
595 304 975 374 Scipiadam.
1040 307 1427 377 adnotandum,
1468 309 1611 378 quod
1642 328 1752 363 non
1784 309 1893 364 Sci-

193 381 410 449 pionem
457 381 548 433 az‘t.
690 380 756 433 16
806 383 865 433 et
922 381 1205 435 scribere
1260 382 1506 435 fortem.
1583 379 1892 454 ὑποστιγμὴ

196 454 460 523 ponenda,
501 457 562 506 ut
603 454 672 506 sit
712 473 926 508 sensus:
967 455 1165 508 fortem
1205 458 1385 509 animo
1426 460 1479 509 et
1510 458 1729 527 iustum,
1768 477 1897 528 qua-

151 543 171 575 5
199 533 354 582 tenus
394 547 479 581 res
520 532 702 599 gestas
742 530 882 582 bello
925 548 1188 598 exponere
1235 549 1347 584 non
1386 534 1556 600 potes,
1675 533 1740 585 19
1780 552 1895 602 per

198 605 515 656 attentam
555 622 682 657 non
712 604 899 656 ibunt
932 602 1234 658 Caesaris
1270 623 1496 658 aurem.
1550 608 1896 660 attentam:

196 678 491 730 maioribus
545 678 976 747 expeditionibus
1030 679 1310 733 intentam,
1447 680 1521 732 20
1576 681 1677 733 0111
1730 682 1897 733 male

199 753 252 805 si
291 753 570 822 palpere.
645 753 1068 822 metaphoricos:
1110 754 1195 806 cui
1229 755 1273 806 si
1307 752 1559 824 adularis,
1592 754 1896 808 offenditur.

197 827 411 896 palpari
449 827 689 896 proprie:
731 846 897 880 manu
932 828 1178 881 mulcere.
1271 829 1342 881 20
1382 827 1659 898 undique
1699 832 1897 882 tutuS.

131 916 174 948 10
197 904 404 954 tutus:
445 901 852 970 inaccessibiliS‚
900 905 959 954 ut
1004 901 1361 972 Uergilius:
1410 902 1572 954 Tuta
1620 904 1763 955 lacu
1800 905 1897 956 ni-

199 994 328 1046 gro.
405 979 460 1028 et
500 994 712 1028 sensus:
753 995 864 1029 non
904 977 1054 1029 audit
1095 977 1426 1046 adulantem,
1466 977 1592 1046 quia
1632 978 1898 1046 sapientia

198 1051 433 1119 undique
480 1050 718 1102 munitur
764 1050 819 1102 id
866 1053 947 1102 est
993 1051 1050 1102 in
1098 1052 1245 1104 omni
1299 1069 1478 1103 rerum
1533 1051 1737 1121 studio,
1791 1051 1894 1105 hoc

200 1128 282 1177 est
322 1125 502 1177 omnia
540 1124 711 1177 nouit.
865 1125 935 1176 22
985 1123 1539 1177 Nomentanumue
1578 1128 1895 1194 nepotem.

197 1199 341 1252 hunc
379 1196 783 1252 Nomentanum
824 1199 979 1268 quasi
1017 1199 1353 1251 luxuriosum
1392 1199 1584 1268 tangit.
1685 1217 1897 1252 sensus:

144 1288 186 1320 15
210 1272 614 1326 Nomentanum
655 1273 905 1354 quotiens
946 1273 1280 1326 luxuriosum
1320 1273 1634 1342 compellaS‚
1681 1292 1897 1327 necesse

200 1352 303 1417 est,
353 1347 443 1417 qui
484 1347 671 1400 eodem
720 1341 883 1400 uitio
903 1348 1175 1416 laborant,
1225 1348 1323 1401 sub
1363 1365 1595 1416 persona
1636 1347 1899 1400 admoniti

200 1424 430 1475 timeant
477 1426 530 1474 et
578 1422 791 1475 oderint
838 1390 1276 1491 coinpellatoiem
1314 1422 1473 1474 huius
1513 1421 1674 1474 modi.
1827 1423 1900 1475 24

203 1499 406 1550 saltat
458 1495 812 1550 Millonius.
910 1496 1190 1550 Millonius
1247 1515 1431 1549 scurra
1491 1496 1708 1549 illorum
1766 1500 1898 1549 tem-

202 1590 411 1641 porum,
452 1571 543 1640 qui
584 1571 743 1624 simul
784 1571 960 1623 ebrius
1001 1572 1193 1624 fuisset
1233 1571 1418 1623 statim
1451 1570 1646 1623 saltare
1678 1570 1899 1639 incipie-

144 1661 186 1692 20
212 1647 320 1699 bat.
399 1664 610 1698 sensus:
650 1647 728 1698 ita
770 1646 1052 1699 scribendo
1092 1664 1176 1698 me
1218 1646 1485 1698 abstinere
1522 1663 1633 1697 non
1663 1662 1899 1713 possum,

202 1724 264 1773 ut
301 1720 580 1773 Millonius
621 1720 799 1772 ebrius
850 1739 881 1772 a
929 1720 1192 1772 saltando.
1346 1719 1417 1772 25
1465 1737 1900 1788 numerusque

200 1795 497 1848 lucernis,
573 1793 936 1847 Lucretius:
978 1794 1411 1846 Lucernarum
1449 1793 1764 1845 florentia
1802 1794 1896 1845 lu-

199 1870 371 1922 mina
431 1869 725 1921 flammis
803 1869 937 1920 ebrii
991 1869 1135 1920 enim
1189 1868 1422 1937 duplicia
1471 1866 1671 1919 uident.
1825 1868 1894 1919 26

207 1963 328 1997 0110
381 1946 742 2013 prognatus
797 1943 1029 1995 eodem.
1131 1942 1281 2010 dicit,
1336 1944 1465 2010 quot
1517 1940 1763 1994 homines
1818 1945 1902 1994 tot

134 2032 177 2064 25
212 2037 327 2072 esse
369 2018 679 2071 sententias,
756 2036 883 2069 nam
924 2015 1136 2070 Castor*
1158 2020 1210 2069 et
1248 2016 1440 2069 Pollux
1480 2015 1692 2068 diuersa
1731 2016 1901 2068 secuti

203 2094 389 2162 utique
429 2092 703 2145 communi
743 2092 983 2144 omnium
1031 2091 1293 2143 uarietate
1343 2090 1487 2143 ducti
1536 2091 1677 2142 sunt.
1828 2090 1898 2142 29

201 2170 495 2220 nostrum
536 2167 825 2219 melioris
866 2168 1165 2234 utroque:
1242 2166 1348 2217 mei
1388 2167 1441 2216 et
1472 2164 1566 2216 tui.
1646 2164 1899 2216 soloecon

204 2243 330 2309 erit3
380 2242 610 2294 debebat
658 2240 799 2293 enim
847 2241 1019 2293 dicere
1069 2239 1280 2292 ‘nobis'.
1379 2239 1473 2291 sed
1525 2256 1687 2290 censu
1727 2240 1780 2290 et
1819 2238 1899 2289 in-

204 2317 362 2385 genio
397 2315 648 2369 melioris,
748 2316 820 2368 30
858 2315 1036 2366 uelut
1074 2313 1230 2366 fidis
1271 2331 1508 2383 arcana
1549 2311 1900 2364 sodalibus

328 2483 381 2521 10
415 2478 527 2520 Aen.
563 2481 602 2530 6,
637 2481 721 2520 236
845 2481 900 2518 22
934 2475 1179 2519 Lucretius
1212 2480 1253 2528 4,
1288 2479 1373 2517 450

329 2617 348 2654 1
384 2610 559 2654 Ennius
599 2623 709 2653 11010
749 2609 875 2652 bella
914 2612 955 2652 et
993 2621 1041 2652 oe
1071 2608 1194 2662 falsa
1226 2612 1266 2650 et
1297 2607 1449 2651 mobis
1472 2619 1646 2662 parum
1670 2609 1783 2661 apta
1806 2618 1902 2649 sen-

206 2672 350 2715 tentia
388 2670 579 2715 delenda
612 2669 822 2721 addetum
869 2669 950 2724 qui
982 2668 1186 2719 addidaeyt
1233 2667 1454 2723 coyz'tauit
1499 2666 1606 2720 foomt
1653 2665 1707 2709 de
1749 2664 1904 2707 Ennii

206 2730 435 2786 Scipione.
499 2729 556 2783 cf.
596 2728 652 2770 L.
697 2703 871 2772 Mul'ler
911 2728 1169 2771 testimoma
1211 2727 1264 2770 de
1303 2726 1485 2770 Lucilio
1525 2738 1599 2768 πο.
1641 2724 1729 2766 ΧΙ
1875 2728 1900 2766 3

206 2789 535 2847 yNOTTTwMH
571 2788 633 2830 M
768 2793 793 2830 5
824 2787 982 2843 potest
1015 2787 1077 2829 M
1206 2791 1231 2830 8
1263 2785 1488 2843 palpebre
1524 2784 1586 2827 M
1717 2781 1901 2826 11181αέ0-

205 2862 325 2892 ricos
361 2850 422 2892 M
557 2853 582 2891 9
615 2847 807 2903 palpeie
842 2847 904 2890 M
1039 2851 1092 2890 13
1125 2847 1326 2901 nepoten
1360 2845 1423 2887 M
1565 2846 1618 2886 15
1652 2841 1904 2898 compellat

211 2909 274 2952 M
395 2913 448 2952 18
482 2907 660 2951 saltant
690 2905 928 2949 msslomus
955 2930 963 2937 ·
991 2905 1209 2949 nnlomus
1244 2904 1306 2947 M
1425 2909 1478 2947 19
1513 2902 1704 2946 salterre
1739 2901 1802 2944 M

209 2973 265 3012 26
296 2967 539 3012 hominum
572 2982 599 3021 ς
709 2969 763 3009 27
797 2965 883 3009 m&
910 2966 971 3008 M
999 2969 1051 3008 ut
1082 2965 1266 3009 uidetur
1373 2968 1428 3007 28
1462 2976 1601 3006 censu
1624 2973 1730 3005 nos:
1763 2973 1901 3004 sensu

212 3027 274 3069 M
394 3032 448 3070 29
484 3039 627 3071 arana
662 3025 723 3068 M
