1939 3197
625 75 825 119 SERMO
884 76 919 130 Ι,
953 81 994 133 2,
1026 81 1215 121 39—-47,
1666 79 1769 132 193

195 211 432 264 Audire
468 212 563 262 est
596 228 830 279 operae
863 212 1163 279 pretium,
1195 213 1541 281 procedere
1575 220 1756 269 recte

211 287 317 356 qui
370 303 499 336 rem
552 284 902 337 Romanam
957 285 1340 356 Latiumque
1398 305 1751 356 augescere

60 434 153 487 sed
185 433 316 485 illud
348 359 818 501 urbaniusljlilliiddj
857 451 976 485 cum
1014 433 1265 486 Ennius
1306 436 1508 488 uultis
1546 437 1752 507 dixerit,

59 509 146 560 1110
185 526 310 560 11011
348 507 550 559 uultis
590 507 844 559 intulerit.
996 509 1064 560 39
1113 511 1308 577 utque
1356 509 1495 561 illis
1546 512 1748 565 multo
1778 527 1799 560 5

59 584 363 650 corrupta
411 581 627 634 dolore
675 581 982 649 uoluptas
1032 584 1224 651 atque
1272 583 1426 635 haec
1465 603 1612 636 rara
1653 604 1751 639 ca-

59 657 166 708 dat
206 656 361 707 dura
393 656 566 707 inter
600 673 787 723 saepe
822 657 1128 724 pericula.
1184 656 1376 708 merito
1408 657 1510 710 hoc
1544 659 1750 728 dicitur,

59 749 179 782 cum
218 730 471 781 adulteris
513 733 566 781 et
604 748 724 782 raro
763 730 1043 799 contingat
1069 730 1380 782 concubitus
1408 749 1590 784 earum
1618 751 1749 801 quas

57 806 350 870 sectantur,
407 807 458 854 et
510 804 627 871 ipso
682 805 828 854 metu
881 805 1104 871 periculi
1158 823 1268 855 non
1316 805 1576 857 sinceram
1627 808 1750 859 inde

54 878 385 946 uoluptatem
424 878 736 945 percipiant.
849 878 918 929 41
968 878 1077 929 ille
1125 877 1417 947 flagellis
1473 879 1547 931 ad
1587 899 1749 933 mor·
1779 901 1819 932 10

55 954 182 1003 tem
221 970 464 1004 caesus,
542 951 643 1003 hoc
684 952 746 1003 de
788 950 920 1004 Gaio
956 950 1211 1004 Sallustio
1252 952 1463 1004 uidetur
1502 953 1619 1022 dici,
1660 957 1751 1024 qui

57 1014 418 1094 deprehensus
476 1026 542 1077 ab
598 1026 779 1077 Annio
836 1024 1037 1078 Milone
1092 1027 1149 1078 in
1204 1026 1463 1079 adulterio
1518 1027 1749 1081 Faustae

58 1097 235 1168 Syllae
275 1099 465 1151 Felicis
505 1100 644 1151 filiae
684 1100 865 1151 uxoris
908 1100 1019 1152 eius
1060 1101 1286 1170 flagellis
1328 1119 1512 1153 caesus
1554 1105 1648 1154 est.

56 1174 127 1225 43
176 1174 351 1225 dedit
402 1174 507 1225 hic
555 1192 667 1242 pro
710 1192 984 1242 corpore
1023 1193 1336 1227 nummos:
1392 1193 1458 1226 ne
1497 1179 1660 1228 testes
1702 1178 1749 1229 61

57 1248 509 1315 abscinderentur,
549 1266 778 1316 poenam
818 1249 1044 1316 pecunia
1081 1249 1320 1300 redemit.
1458 1250 1530 1301 44
1580 1250 1747 1303 hunc
1776 1270 1817 1302 15

55 1322 502 1390 permixerunt
542 1323 814 1374 calones,
898 1323 1337 1391 permixerunt
1383 1341 1478 1391 pro
1521 1323 1748 1393 ‘stupra-

55 1395 273 1447 uerunt'
312 1397 548 1464 positum
590 1399 685 1448 est,
777 1397 1037 1448 calones
1087 1400 1265 1448 autem
1314 1398 1454 1448 serui
1502 1398 1749 1450 dicuntur

56 1489 86 1522 a
150 1470 373 1522 calando
438 1470 538 1522 1100
602 1473 683 1522 est
746 1471 887 1539 quod
941 1475 1200 1536 uocentur
1256 1472 1322 1523 ad
1377 1471 1747 1525 ministerium.

54 1544 359 1596 nonnulli
401 1562 432 1595 a
470 1545 712 1596 kalendis
751 1547 960 1612 putant,
1000 1547 1140 1614 quod
1182 1564 1242 1596 ea
1276 1546 1358 1597 die
1389 1545 1588 1597 cibaria
1614 1548 1747 1599 acci-

54 1619 219 1687 piant.
370 1619 442 1669 44
492 1619 643 1687 quin
691 1620 886 1670 etiam
931 1620 1096 1671 illud
1144 1619 1380 1671 accidit
1427 1622 1480 1671 et
1527 1620 1746 1689 reliqua.
1773 1642 1814 1673 20

55 1693 113 1744 in
175 1693 433 1744 adulterio
497 1692 840 1761 deprehensis
904 1694 980 1745 ait
1034 1694 1303 1746 interdum
1361 1694 1624 1763 euenisse,
1688 1698 1747 1747 ut

54 1766 298 1818 uirilibus
339 1767 628 1835 amputatis
670 1767 1079 1819 dimitterentur.
1230 1769 1301 1819 46
1349 1769 1487 1819 iure
1530 1786 1745 1821 omnes

56 1839 255 1892 Galba
303 1842 598 1910 negabat.
684 1841 981 1910 negabat.
1071 1842 1495 1895 subaudiendum
1534 1843 1620 1894 hic
1660 1861 1746 1895 ex-

52 1915 339 1967 trinsecus:
381 1915 581 1967 factum
624 1916 883 1967 dicebant.
947 1920 1027 1968 est
1066 1917 1209 1968 enim
1247 1918 1420 1968 totum
1460 1917 1590 1968 tale:
1631 1917 1744 1968 iure

54 2006 239 2040 omnes
278 1989 483 2041 factum
524 1989 785 2058 dicebant,
826 1988 1000 2042 Galba
1040 1993 1218 2042 autem
1258 1990 1508 2058 negabat.
1565 2008 1743 2042 amare
1768 2011 1810 2044 25

56 2065 233 2114 autem
292 2060 538 2114 Seruium
592 2062 819 2115 Galbam
873 2064 1003 2116 iuris
1059 2065 1363 2116 consultum
1416 2065 1746 2133 perstrinxit,

19 2169 26 2190 2
55 2137 208 2205 quasi
248 2139 434 2189 contra
470 2137 816 2189 manifestum
849 2137 932 2189 ius
964 2156 1061 2206 pro
1096 2137 1351 2190 adulteris
1384 2138 1744 2207 responderet,

55 2211 181 2280 quia
204 2210 318 2279 ipse
345 2211 550 2263 adulter
575 2214 728 2263 esset.
832 2213 900 2264 47
943 2213 1149 2265 tutior
1190 2215 1252 2264 at
1291 2215 1531 2281 quanto
1571 2230 1743 2264 merx

54 2287 152 2336 est
203 2284 269 2336 in
323 2285 532 2338 classe
582 2281 863 2338 secunda
909 2286 1370 2338 libertinarum
1419 2286 1558 2339 dico
1608 2285 1743 2339 Sal-

52 2358 292 2410 lustius
348 2360 414 2410 in
468 2378 622 2430 quas
677 2378 804 2412 non
849 2361 1058 2412 minus
1105 2361 1355 2413 insanit
1403 2379 1586 2430 quam
1634 2362 1741 2430 qui
1765 2382 1808 2413 30

53 2433 436 2486 moechatur.
514 2434 589 2486 ait
634 2435 805 2486 multo
847 2434 1059 2502 quidem
1098 2435 1266 2487 tutius
1308 2453 1422 2486 esse
1460 2435 1741 2486 libertinae

55 2506 376 2559 conditionis
423 2509 670 2561 mulieres
720 2509 932 2577 sectari3
989 2528 1121 2578 quas
1169 2513 1352 2561 tamen
1399 2509 1443 2561 si
1499 2508 1740 2576 cupidius

175 2644 196 2680 1
231 2651 368 2694 opere
402 2639 545 2692 fitmm
579 2639 641 2682 M
811 2645 836 2684 8
871 2641 918 2683 et
948 2654 1051 2684 raro
1084 2653 1188 2684 nos:
1227 2642 1281 2684 ut
1311 2653 1416 2683 raro
1452 2640 1513 2682 M
1686 2644 1738 2681 13

55 2697 172 2754 sylle
201 2722 209 2730 ·
234 2696 369 2740 felice
400 2696 489 2740 fflu
522 2699 583 2757 (16
616 2712 729 2743 corr.
762 2713 819 2742 m.
853 2700 916 2754 2.)
952 2700 1014 2741 M
1131 2713 1261 2743 cesus
1289 2700 1351 2742 M
1471 2703 1526 2741 14
1557 2698 1646 2741 hoc
1681 2699 1744 2741 M

177 2761 229 2799 15
261 2770 431 2812 penam
466 2757 527 2799 M
646 2763 699 2801 16
733 2759 1065 2814 strupauerunt
1098 2760 1160 2801 M
1280 2764 1332 2802 18
1366 2757 1548 2800 uoc&ur
1582 2757 1644 2799 M

54 2820 108 2859 21
143 2815 400 2859 adaulterio
435 2816 497 2858 M
630 2817 718 2860 ait:
752 2818 834 2860 aut
867 2818 930 2860 M
1046 2823 1101 2861 22
1135 2818 1372 2874 deputatis
1405 2817 1497 2871 (am
1527 2830 1563 2859 6.
1596 2817 1642 2871 l.)
1680 2816 1743 2859 M

172 2879 227 2918 27
259 2875 498 2931 respond&
531 2876 594 2918 M
718 2881 773 2920 28
805 2877 955 2920 tucior
986 2877 1047 2920 ad
1079 2879 1305 2932 quantum
1337 2889 1458 2919 mers
1492 2875 1555 2918 M
1681 2881 1736 2919 29

52 2934 193 2977 uerba,
218 2933 464 2978 Sallustius
491 2969 500 2977 .
530 2970 538 2978 .
565 2934 850 2992 moechatur,
882 2950 996 2991 quae
1026 2938 1078 2980 in
1112 2937 1174 2979 M
1193 2939 1302 2991 post
1333 2938 1435 2989 194,
1469 2938 1500 2979 2
1532 2933 1737 2978 incidere

52 2997 173 3047 sunt,
204 2994 468 3049 transposui
602 2999 656 3037 31
691 2994 778 3038 ait:
812 2997 894 3038 aut
928 2995 990 3038 M
1105 2999 1254 3038 tocius
1282 3028 1290 3038 .
1319 3029 1328 3038 .
1361 2993 1650 3038 cond1t1ones
1678 2993 1743 3036 M

141 3082 414 3116 Pom’nrmox.
1329 3073 1349 3110 1
1358 3073 1382 3110 3
