1939 3197
755 70 874 115 ODE
908 73 984 127 IV,
1018 79 1058 117 4.
1644 81 1747 133 127

0 205 1 251 1
64 200 168 254 duo
207 201 424 255 fuerant
445 203 688 257 Nerones
720 207 956 276 priuigni
980 207 1229 278 Augusti,
1269 229 1494 279 quorum
1520 215 1748 269 alterum

0 292 1 299 ¹
59 274 117 326 in
163 275 320 329 domo
367 276 546 329 Tiberi
594 277 784 331 Claudi
837 281 1018 333 mariti
1071 284 1264 351 prioris
1315 285 1470 338 Liuia
1523 291 1745 359 peperit,

60 348 287 401 alterum
325 350 381 402 in
418 354 569 404 utero
611 352 679 404 ad
716 353 1025 423 Augustum
1067 357 1273 411 adtulit.
1342 359 1535 412 horum
1575 363 1742 417 altero

57 421 115 474 in
140 421 428 476 Germania
452 426 640 479 morbo
666 428 902 481 extincto
930 431 1064 482 alter
1089 432 1376 500 adoptatus
1402 435 1469 487 ab
1489 434 1742 506 Augusto

59 513 334 549 successor
370 499 705 568 principatus
746 502 795 554 ei
833 502 935 554 fuit
973 505 1347 576 uocitatusque
1388 511 1469 560 est
1496 509 1740 565 Tiberius
1765 526 1787 558 5

58 567 268 623 Caesar.
406 573 474 625 31
515 592 629 626 nec
667 575 975 629 inbellem
1015 578 1263 633 feroces
1302 588 1742 652 progenerant

53 644 307 712 aquilae
365 647 733 701 columbam.
831 653 1185 719 prouerbialis
1234 658 1516 708 sententia.
1667 660 1738 712 33

51 716 345 771 doctrina
386 721 493 773 sed
532 723 657 774 uim
695 729 1033 791 promouet
1070 727 1349 781 insitam.
1448 731 1736 785 insitam:

49 789 295 844 innatam
335 797 495 863 atque
534 796 921 865 ingeneratam.
1005 801 1274 869 significat
1312 821 1439 873 ergo
1479 806 1737 859 uirtutem

49 882 81 915 a
129 867 445 933 parentibus
493 869 824 940 ingenerari,
872 874 1067 926 instrui
1128 894 1255 929 uero
1310 875 1595 942 [doctrinae
1660 880 1735 933 di-
1761 898 1804 929 10

47 938 288 1007 sciplina.
412 943 485 995 34
526 945 814 1013 rectique
856 948 1067 1000 cultus
1107 954 1368 1017 pectora
1406 952 1734 1008 roborant.

44 1014 206 1065 recti
238 1016 476 1084 genetiui
509 1036 664 1070 casus
698 1025 781 1072 est
810 1023 1020 1074 numeri
1052 1023 1364 1093 singularis:
1395 1026 1555 1080 huius
1587 1030 1734 1098 recti,

45 1087 224 1140 cultu
237 1107 260 1141 s
311 1092 521 1143 numeri
566 1093 791 1161 pluralis
832 1113 985 1148 casus
1035 1099 1376 1152 nominatiui:
1437 1100 1495 1153 hi
1542 1103 1731 1154 cultus.

45 1178 233 1214 sensus
282 1166 365 1215 est
412 1169 613 1218 autem:
663 1168 884 1221 colendo
940 1174 1147 1223 rectum
1200 1176 1420 1242 pectora
1471 1177 1730 1229 conrobo-

41 1237 244 1288 rantur.
306 1241 359 1289 et
397 1243 602 1292 rectum
644 1242 887 1294 absolute
928 1245 1107 1314 accipe
1139 1265 1237 1315 pro
1275 1266 1443 1317 aequo
1478 1268 1539 1302 ac
1569 1250 1728 1304 iusto,
1754 1267 1795 1299 15

189 1310 261 1363 35
323 1315 661 1382 utcumque
725 1316 1014 1370 defecere
1076 1339 1282 1373 mores
1345 1323 1728 1377 indecorant

39 1381 198 1435 bene
268 1390 421 1438 nata
484 1388 725 1456 culpae.
839 1395 1180 1463 utcumque
1245 1395 1726 1467 ‘quandocumque’

41 1455 344 1525 significare
385 1462 526 1529 apud
566 1462 708 1515 hunc
746 1468 965 1532 poetam
1006 1485 1164 1537 saepe
1205 1469 1448 1522 diximus
1548 1472 1693 1525 inde
1707 1505 1724 1511 —

37 1534 264 1583 corant
318 1536 498 1587 autem
555 1535 827 1590 ‘indecora
879 1540 1103 1593 faciunt’
1161 1561 1221 1595 ac
1271 1562 1367 1611 per
1406 1545 1509 1597 hoc
1551 1545 1723 1599 ‘dede-

38 1604 245 1657 corant'
287 1606 570 1676 significat.
722 1613 791 1664 36
833 1613 866 1664 b
879 1632 990 1667 ene
1031 1619 1185 1669 nata
1225 1618 1472 1671 absolute
1513 1620 1721 1674 dicitur.
1747 1638 1790 1671 20

38 1695 226 1731 sensus
252 1698 379 1750 ergo
413 1686 518 1735 est:
551 1684 782 1738 honesta
813 1689 1075 1741 natalium
1100 1693 1539 1762 generositasque
1565 1696 1722 1764 culpa

35 1750 442 1825 dedecorantur,
488 1759 595 1810 nisi
640 1759 802 1829 digna
855 1762 1138 1831 disciplina
1175 1765 1308 1818 haec
1346 1772 1720 1838 prosequatur.

31 1827 207 1878 totum
246 1827 347 1881 hoc
387 1833 569 1884 autem
608 1838 830 1903 propter
868 1836 1177 1907 Augustum
1218 1840 1431 1911 dicitur,
1470 1843 1529 1894 in
1568 1844 1718 1896 cuius

33 1899 191 1954 domo
231 1900 475 1957 Nerones
514 1906 767 1960 uidentur
807 1910 1144 1980 disciplinam
1183 1914 1399 1966 uirtutis
1433 1918 1716 1985 accepisse.

180 1976 248 2027 37
299 1978 449 2045 quid
496 1980 729 2034 debeas
779 2002 809 2036 o
858 1984 1054 2037 Roma
1100 1986 1467 2041 Neronibus
1522 1992 1713 2043 testis
1740 2006 1782 2039 25

29 2044 385 2102 Metaurum
424 2052 667 2107 flumen
707 2059 767 2107 et
802 2057 1185 2113 Hasdrubal.
1240 2061 1516 2116 Metaurus
1543 2066 1713 2118 amnis

30 2118 237 2174 Galliae
278 2127 380 2193 est,
426 2126 574 2179 iuxta
622 2147 778 2197 quem
817 2129 962 2184 Nero
1012 2136 1197 2186 consul
1245 2154 1364 2188 cum
1414 2135 1712 2192 Salinatore

28 2195 234 2265 collega
296 2216 391 2251 suo
455 2200 853 2257 Hasdrubalem
914 2205 1209 2261 Hannibali
1277 2210 1435 2262 fratri
1498 2231 1594 2265 suo
1655 2214 1713 2265 in

25 2266 241 2321 Italiam
279 2290 537 2342 magnum
577 2278 866 2331 exercitum
913 2281 1263 2336 adducentem
1305 2285 1500 2338 deuicit
1539 2288 1708 2340 caesis

26 2359 188 2412 supra
227 2346 459 2415 quinque
500 2350 856 2421 quadraginta
894 2355 1127 2409 milibus.
1243 2359 1312 2411 38
1353 2360 1543 2413 testis
1584 2361 1677 2414 Me
1690 2394 1707 2399 -
1734 2377 1775 2409 30

24 2418 276 2470 taurum
321 2420 576 2477 flumen.
651 2424 928 2481 Metaurus
980 2430 1192 2500 dicitur⁷
1239 2451 1349 2485 non
1389 2433 1706 2488 Metaurum.

29 2490 121 2541 sed
159 2491 392 2547 fluminis
433 2499 650 2551 nomine
697 2500 799 2553 hoc
830 2502 1101 2575 figurauit‚
1140 2509 1201 2558 ut
1241 2507 1370 2560 alibi
1415 2507 1544 2561 Aut
1583 2509 1610 2560 f
1613 2510 1707 2561 lu-

22 2580 158 2615 men
204 2565 489 2623 Rhenum
531 2576 639 2625 aut
678 2574 921 2629 fluuius
974 2578 1366 2634 describitur
1417 2601 1600 2635 arcus
1653 2586 1706 2634 et

140 2700 195 2739 32
230 2711 302 2741 ars
334 2704 457 2755 poet.
494 2707 561 2747 18.

139 2806 161 2843 1
196 2800 384 2847 fuerunt
416 2820 445 2859 ς
535 2811 560 2850 2
594 2807 782 2853 domum
809 2815 849 2854 et
873 2812 989 2856 hb1a
1015 2814 1077 2856 M
1160 2819 1183 2858 7
1213 2817 1500 2871 prouerb1a11
1525 2819 1588 2861 M
1649 2826 1703 2864 14

16 2859 261 2903 colendum
294 2862 358 2905 M
447 2869 500 2908 18
534 2867 772 2924 Significat
797 2871 860 2913 M
947 2877 999 2916 21
1033 2874 1283 2919 honestas?
1317 2890 1406 2931 que
1431 2878 1523 2920 cod.
1552 2878 1700 2934 Guelf.

14 2918 68 2960 ‘ln
97 2932 213 2963 ms..-
245 2935 339 2976 qua
371 2922 445 2975 M,
477 2937 559 2968 om.
593 2941 622 2980 ς
713 2933 767 2972 22
801 2930 1106 2976 dedecoratur
1138 2950 1166 2989 ς
1258 2939 1314 2977 24
1347 2935 1481 2980 demo
1516 2937 1579 2980 M

16 2980 71 3020 29
95 2978 231 3022 1ta11a
264 2980 327 3023 M
414 2987 470 3027 30
503 2997 667 3041 qumqi
691 2988 1006 3047 quadraginta
1035 2992 1099 3035 M
1185 2998 1240 3035 32
1265 2993 1453 3040 flumme
1478 3010 1613 3041 nome
1641 2998 1705 3040 M
