1939 3197
368 690 806 749 SERMONUM
854 690 1093 749 LIBER
1138 692 1447 751 PRIMUS.

219 980 336 1042 Qui
385 981 464 1032 fit
502 981 835 1034 Maecenas
889 985 957 1034 ut
1010 1000 1189 1034 nemo
1232 1001 1420 1051 quam
1461 984 1584 1035 sibi
1626 1003 1760 1037 sor-

67 1058 193 1107 tem
247 1072 354 1107 seu
407 1055 573 1107 ratio
631 1055 882 1107 dederit
936 1073 1043 1108 seu
1089 1056 1223 1108 fors
1275 1057 1590 1109 obiecerit
1646 1058 1762 1111 illa

71 1131 412 1181 contentus
463 1129 659 1181 uiuat.
737 1129 982 1198 quamuis
1031 1132 1269 1182 saturam
1318 1148 1432 1183 esse
1483 1149 1617 1200 opus
1656 1132 1760 1185 hoc

70 1221 226 1260 suum
264 1201 523 1254 Horatius
561 1203 676 1271 ipse
716 1203 1057 1271 confiteatur,
1122 1221 1242 1256 cum
1282 1204 1358 1256 ait
1427 1203 1586 1257 Sunt
1628 1206 1761 1274 qui-

69 1277 183 1328 bus
223 1276 289 1327 in
320 1278 548 1344 satura
587 1276 811 1328 uidear
848 1277 1037 1328 nimis
1079 1295 1222 1329 acer
1254 1281 1314 1329 et
1345 1279 1517 1330 ultra
1556 1280 1804 1348 legem5

69 1349 330 1402 tendere
387 1368 565 1418 OPUS,
618 1353 802 1402 tamen
854 1351 1101 1419 proprios
1148 1351 1336 1403 titulos
1375 1353 1549 1404 uoluit
1589 1353 1637 1404 61
1677 1372 1760 1405 ac-

69 1424 423 1476 commodare.
499 1442 627 1475 nam
649 1424 750 1476 hos
774 1425 979 1492 priores
1014 1424 1146 1476 duos
1170 1425 1336 1478 libros
1363 1423 1762 1495 Sermonum,

69 1497 393 1566 posteriores
454 1496 900 1566 Epistularum
961 1498 1248 1567 inscripsit.
1339 1499 1398 1551 in
1453 1517 1760 1553 sermonum

69 1574 249 1623 autem
296 1572 415 1623 uult
452 1571 696 1641 intellegi
736 1572 889 1640 quasi
936 1571 1078 1640 apud
1124 1576 1460 1640 praesentem
1502 1591 1557 1626 se
1596 1573 1761 1643 loqui,

70 1645 327 1713 epistulas
364 1662 494 1697 uero
536 1646 687 1713 quasi
719 1645 786 1697 ad
826 1646 1075 1698 absentes
1115 1647 1321 1699 missas.
1461 1649 1488 1699 1
1532 1648 1640 1716 qui
1677 1648 1759 1700 fit
1784 1666 1825 1697 ιο

69 1718 418 1771 Maecenas.
480 1719 664 1771 mirari
719 1737 774 1772 se
831 1720 906 1771 ait
952 1722 1163 1772 tantam
1203 1739 1317 1773 esse
1358 1721 1551 1773 animis
1591 1722 1760 1775 homi-

69 1811 200 1845 num
237 1793 671 1861 inconstantiam,
709 1796 770 1845 ut
809 1794 1057 1846 omnibus
1099 1794 1272 1847 aliena
1312 1813 1426 1848 sors
1466 1795 1610 1848 uitae
1650 1814 1760 1848 ma-

70 1866 154 1936 gis
195 1885 357 1936 quam
394 1868 627 1935 propria,
667 1867 778 1919 siue
819 1885 938 1920 eam
975 1868 1113 1920 ratio
1148 1868 1352 1920 dederit
1391 1869 1503 1921 siue
1541 1869 1761 1922 fortuna

70 1940 338 2008 obiecerit,
376 1941 600 2008 placeat.
678 1941 783 2009 qui
831 1944 1012 1993 autem
1043 1942 1374 1994 circumflexe
1407 1944 1760 2011 pronuntian-

72 2014 211 2065 dum.
290 2014 557 2083 significat
612 2015 754 2066 enim
806 2013 1038 2083 ‘quare',
1093 2015 1232 2068 sicut
1283 2016 1444 2068 etiam
1491 2016 1646 2068 multi
1684 2017 1760 2069 10-
1785 2033 1828 2066 15

76 2090 269 2139 cuntur
308 2087 545 2140 dicentes
610 2087 726 2157 equi
764 2088 882 2140 fieri
919 2088 1125 2157 potest'
1164 2107 1263 2158 pro
1306 2088 1600 2158 equomodo
1647 2090 1762 2142 fieri

69 2159 292 2229 potest'.
369 2161 577 2230 signate
629 2164 809 2214 autem
861 2162 1072 2214 locutus
1121 2165 1202 2215 est
1241 2163 1442 2216 dicens:
1494 2164 1632 2217 ratio
1674 2164 1761 2216 de-

70 2234 222 2303 derit,
258 2234 368 2287 fors
408 2235 676 2288 obiecerit.
789 2235 823 2288 5
873 2237 1075 2288 11111110
1124 2236 1248 2289 iam
1285 2237 1538 2290 fractus
1577 2256 1762 2290 mem-

71 2308 185 2360 bra
222 2308 459 2361 labore.
535 2309 784 2378 frequens
825 2310 967 2378 apud
1005 2308 1363 2380 Uergilium
1401 2311 1534 2364 haec
1572 2311 1763 2381 figura.

74 2382 150 2433 sic
190 2382 331 2434 enim
371 2383 565 2435 dicitur
605 2382 818 2436 Scissa
858 2401 1097 2436 comam
1145 2388 1198 2436 et
1238 2384 1474 2438 Oculos
1515 2385 1761 2438 deiecta
1786 2405 1828 2436 20

196 2532 223 2570 4
258 2528 400 2573 Serm.
436 2534 475 2583 2,
513 2534 550 2583 1,
588 2534 607 2572 1
748 2534 799 2572 19
840 2529 953 2573 Aen.
996 2535 1020 2574 9
1062 2533 1147 2574 478
1190 2532 1236 2574 et
1278 2535 1346 2585 11,
1380 2535 1466 2575 480

193 2664 214 2703 1
241 2659 475 2703 HORATI
505 2659 723 2705 FLACCI
755 2660 1084 2705 CARMINVM
1115 2661 1309 2706 LIBER·
1334 2662 1389 2705 V·
1435 2663 1486 2715 (i.
1512 2675 1547 2706 e.
1572 2662 1760 2719 epodon)

72 2731 387 2777 ΕΧΡΙᾹΟΙΤΞ·
418 2733 645 2778 INCIPIT
680 2734 1019 2779 SERMONUM
1042 2736 1154 2779 LIB·
1187 2737 1221 2779 I·
1248 2736 1312 2780 M
1372 2740 1395 2779 7
1429 2749 1478 2779 os
1514 2736 1577 2778 M
1635 2741 1660 2780 8
1693 2751 1761 2781 m-

73 2792 277 2836 scribens
312 2792 375 2835 111
402 2797 443 2836 et
476 2793 608 2849 (nam
638 2794 794 2849 deleto)
829 2809 857 2849 ς
887 2794 949 2839 Μ
1067 2800 1092 2839 9
1126 2796 1281 2838 autem
1312 2793 1445 2837 libris
1478 2795 1581 2838 uult
1611 2795 1684 2838 uel
1714 2795 1763 2839 in

74 2864 284 2895 sermone
316 2851 622 2907 (sermonibus
633 2854 670 2908 ?)
705 2868 734 2908 ς
883 2854 1151 2909 praesentes
1184 2868 1213 2908 ς
1351 2858 1406 2896 10
1439 2853 1551 2908 quld
1585 2853 1648 2897 M

77 2914 129 2953 13
163 2923 348 2967 proprie
382 2910 455 2963 M,
487 2911 702 2967 propriae
736 2927 764 2966 ς
886 2917 942 2955 14
974 2911 1214 2956 obiecerit:
1270 2911 1464 2968 elegerit
1498 2912 1560 2956 M
1678 2926 1762 2957 cn·-

73 2968 318 3013 cumfiexse
354 2969 417 3012 M
534 2975 590 3013 20
621 2970 775 3015 ocolos
809 2972 958 3015 electa
992 2971 1055 3014 M
