1939 3197
165 127 272 179 346
690 125 804 169 ARS
835 125 1100 170 POETIOA
1131 131 1321 171 29—48.
1879 0 1939 215 ἒ

1917 209 1939 247 11

165 263 364 314 diserta
402 261 746 330 profitentem
786 258 1054 330 κακόζηλα
1094 262 1293 313 uitiant
1332 265 1511 330 spreta
1549 281 1728 314 rerum
1765 263 1846 314 in·
1919 250 1939 336 ἔξ

165 336 451 404 spectione.
551 335 620 386 29
655 336 760 403 qui
792 336 1045 387 uariare
1079 336 1258 404 cupit
1295 354 1423 387 rem
1462 335 1849 404 prodigiali·

162 413 261 461 ter
307 427 508 461 unam.
592 409 737 460 aliud
783 409 886 460 hoc
933 413 1279 478 praeceptum
1326 412 1428 478 est,
1467 428 1579 462 non
1620 427 1733 462 0550
1771 410 1850 462 fa·
1932 422 1935 459 ’,

163 484 304 536 bulis
349 483 739 551 indulgendum
786 501 882 534 nec
936 484 1329 535 extenuandam
1383 502 1551 551 usque
1606 484 1664 535 in
1717 484 1851 535 uitia

116 570 143 602 ⁷5
167 557 461 609 materiam.
614 557 684 608 32
747 557 1089 608 Aemilium
1159 557 1326 609 circa
1394 557 1607 609 ludum
1669 557 1851 610 faber

164 631 341 683 imus
427 630 644 682 Aemilii
692 629 879 698 Lepidi
927 631 1083 683 ludus
1131 631 1482 700 gladiatorius
1535 631 1661 698 fuit,
1709 632 1851 699 quod

163 723 307 757 nunc
346 704 605 772 Polycleti
645 705 919 756 balineum
960 708 1053 757 est.
1113 706 1202 757 hic
1231 706 1563 757 demonstrat
1588 705 1852 757 aerarium

162 779 329 831 fuisse
353 778 581 847 fabrum,
620 779 809 830 imum
847 778 949 831 1100
976 782 1079 831 est:
1119 780 1177 831 in
1203 780 1401 848 angulo
1434 779 1546 830 ludi
1570 779 1851 831 tabernam

162 853 472 919 habentem3
588 853 656 904 38
713 853 814 905 hoc
871 856 1050 905 autem
1104 856 1391 922 praecepto
1448 853 1676 905 sumite
1723 871 1850 905 ma-

99 948 142 980 io
164 927 394 979 teriam
447 927 684 977 uestris
742 927 846 994 qui
910 927 1202 979 scribitis
1266 945 1530 995 aequam
1592 927 1852 995 praecipit

164 1019 308 1053 nunc
350 1001 446 1069 015,
494 1000 584 1068 (1111
625 1003 751 1051 511111
789 1003 1001 1069 poetae,
1052 1004 1113 1053 ut
1153 1020 1270 1053 eam
1309 1001 1589 1053 materiam
1631 1001 1851 1070 eligant,

163 1075 222 1126 in
269 1093 374 1142 qua
423 1074 634 1142 possint
679 1075 903 1141 placere.
1056 1075 1128 1127 40
1183 1076 1281 1126 cui
1334 1076 1504 1126 lecta
1550 1078 1851 1142 potenter

165 1149 288 1200 erit
335 1166 433 1199 res
473 1148 527 1199 id
566 1150 668 1198 est:
712 1148 803 1216 qui
841 1149 1034 1217 legerit
1072 1148 1126 1199 id
1168 1149 1309 1217 quod
1349 1150 1622 1217 praestare
1662 1149 1848 1217 possit.

163 1225 474 1291 potenter·
502 1221 757 1290 figurauit
789 1216 912 1284 ὠςεὶ
938 1223 1202 1284 δυνατῶς.
1301 1223 1373 1274 42
1415 1222 1658 1274 ordinis
1698 1222 1851 1274 haec

98 1316 139 1348 15
164 1297 374 1348 uirtus
431 1295 554 1347 erit
608 1298 668 1347 et
722 1314 924 1349 uenus
980 1300 1090 1349 aut
1144 1314 1258 1366 ego
1313 1297 1524 1349 fallor.
1615 1297 1853 1364 loquitur

164 1388 307 1423 nunc
345 1368 469 1438 περὶ
508 1369 603 1437 τῆς
641 1371 675 1434 †
714 1368 868 1432 αξιας
916 1389 1020 1439 quo
1061 1371 1247 1423 ordine
1288 1370 1554 1423 seruanda
1593 1389 1624 1422 a
1662 1370 1851 1439 poetis,

163 1462 414 1496 uenerem
455 1447 634 1495 autem
675 1444 919 1496 decorem
960 1446 1209 1497 carminis
1251 1444 1533 1514 significat.
1647 1445 1716 1496 47
1760 1444 1850 1495 di-

164 1519 331 1570 xeris
372 1518 629 1587 egregie
671 1522 892 1570 notum
934 1520 986 1570 si
1026 1519 1262 1578 callida
1301 1519 1577 1571 uerbum.
1632 1518 1852 1586 exponit
1899 1551 1901 1554 -

165 1609 310 1644 nunc
350 1592 412 1643 de
452 1592 629 1643 uerbis
670 1593 941 1645 ueteribus
981 1612 1043 1645 ac
1083 1594 1255 1661 nouis,
1297 1611 1402 1661 quo
1442 1592 1601 1644 modo
1641 1592 1852 1660 poetica

98 1683 143 1715 20
168 1666 290 1717 sint.
373 1684 501 1717 nam
546 1666 671 1717 11001
718 1667 896 1734 aliqua
943 1667 1191 1736 uulgaria
1237 1667 1366 1735 sint,
1419 1667 1495 1718 ait
1538 1669 1720 1718 tamen
1759 1666 1852 1718 illa

165 1758 285 1792 cum
333 1740 513 1807 aliqua
567 1740 938 1807 conpositione
996 1741 1379 1809 splendescere.
1471 1740 1622 1792 uerbi
1677 1741 1852 1809 gratia

166 1812 440 1865 ‘curculio'
483 1813 698 1866 sordida
736 1832 843 1866 uox
875 1817 969 1881 est,
1010 1816 1204 1866 ornatu
1245 1814 1526 1867 accedente
1550 1814 1850 1883 uulgaritas

166 1888 289 1939 eius¹
331 1886 678 1939 absconditur
716 1888 818 1940 hoc
857 1889 1016 1939 modo
1065 1887 1468 1956 Populatque
1524 1888 1851 1956 ingentem

164 1961 358 2013 farris
399 1979 706 2013 aceruum.
787 1963 1042 2027 [curculio
1083 1962 1225 2030 apud
1263 1962 1560 2014 Homerum
1608 1964 1710 2029 est,
1757 1962 1849 2029 qui

97 2052 139 2085 25
162 2035 345 2087 fabam
383 2035 612 2087 libenter
649 2036 921 2101 uescitur]
1035 2036 1106 2089 48
1150 2036 1203 2088 si
1240 2036 1408 2088 forte
1448 2053 1710 2088 necesse
1750 2039 1851 2088 est

163 2109 427 2161 indiciis
489 2112 847 2161 monstrare
909 2110 1293 2162 recentibus,
1394 2110 1537 2178 quod
1599 2108 1644 2160 si
1704 2109 1849 2177 item,

164 2183 360 2251 inquit,
416 2183 483 2234 ad
531 2201 644 2234 rem
699 2183 928 2251 aliquam
987 2184 1355 2252 explicandam
1409 2183 1576 2235 uerba
1629 2183 1850 2251 antiqua
1912 2182 1917 2186 ’

163 2275 275 2308 11011
314 2256 634 2325 suffecerint,
673 2257 1005 2325 permittitur
1050 2261 1242 2326 poetae
1280 2276 1424 2310 noua
1461 2257 1678 2326 fingere.
1755 2257 1849 2308 111-

281 2421 338 2460 23
371 2416 508 2473 Uerg.
543 2416 708 2473 Georg.
745 2423 782 2469 1,
817 2423 901 2462 185

283 2569 304 2605 1
342 2564 571 2606 ΚαΚοῑιλα
602 2565 763 2608 nltian.
801 2565 864 2607 M
974 2571 998 2608 2
1032 2579 1205 2609 uanam
1239 2566 1301 2607 M
1418 2569 1443 2607 5
1476 2564 1607 2608 fauer
1641 2565 1702 2607 M·
1822 2569 1847 2608 6

161 2621 336 2677 laep1d1
369 2622 432 2664 M
608 2627 633 2665 9
659 2627 766 2678 post
797 2625 1046 2681 praecepto
1085 2629 1199 2668 recte
1233 2624 1390 2680 Pauly
1420 2624 1604 2668 uidetur
1635 2624 1849 2667 lacunam

161 2681 373 2725 statuisse
495 2686 548 2724 10
582 2683 768 2737 script1s
802 2683 865 2725 M
991 2688 1043 2726 13
1076 2684 1339 2739 praestrare
1375 2683 1438 2726 M
1564 2688 1618 2726 14
1648 2683 1714 2726 sic
1743 2695 1848 2725 nos:

162 2735 226 2789 ὦς
260 2736 307 2783 εἷ
333 2735 533 2789 δυνατός
567 2756 596 2795 ς
719 2747 772 2784 16
806 2741 887 2796 τῆς
919 2737 1137 2795 εὐταξίας
1169 2757 1211 2797 ς,
1242 2742 1309 2785 sic
1339 2741 1397 2786 de
1430 2741 1589 2786 ordine
1622 2740 1847 2785 seruando

162 2799 451 2842 scribendum
488 2799 687 2843 uidetur.
748 2801 825 2843 sed
863 2795 975 2853 ἀξία
1017 2802 1124 2856 fort.
1185 2801 1417 2857 siqnificat
1453 2800 1708 2857 dignitates
1746 2813 1846 2843 uer-

161 2856 326 2900 borum
350 2859 398 2901 et
420 2871 589 2914 rerum,
620 2872 817 2914 quarum
848 2860 917 2902 ita
948 2861 1068 2903 ratio
1099 2860 1309 2903 habenda
1340 2864 1425 2914 est,
1455 2864 1509 2902 ut
1538 2871 1619 2903 suo
1650 2872 1850 2915 quaeque
1914 2876 1918 2879 ·

161 2916 256 2959 loco
278 2920 521 2971 ponantur
634 2922 692 2960 24
722 2918 847 2973 apud
878 2931 933 2961 ex
964 2920 1080 2974 aput
1109 2931 1223 2962 corr.
1259 2919 1321 2961 M
1422 2919 1495 2963 est
1525 2919 1631 2974 (κίς)
1666 2917 1853 2973 Pauly;

160 2974 268 3017 haec
297 2975 445 3019 deleui
594 2981 649 3020 26
682 2975 1093 3021 formarecent1bus
1129 2977 1192 3020 M
1337 2977 1450 3021 item
1481 2990 1585 3020 nos:
1615 2976 1740 3020 idem
1773 2976 1847 3028 M,
1921 3002 1925 3007 ι

161 3032 255 3075 iam
288 3049 316 3087 ς
445 3039 497 3077 27
533 3036 727 3089 atquam
758 3036 811 3078 in
842 3035 1044 3090 adquam
1076 3049 1188 3079 corr.
1226 3037 1288 3078 M
1412 3041 1467 3079 ‘28
1501 3034 1756 3079 sufficermt
1788 3035 1851 3077 M
