1939 3197
139 99 248 151 350
636 97 751 142 ARS
783 95 1046 142 POETICA
1079 100 1327 139 119-——128.

136 236 408 286 multum
465 235 742 286 diuusne
795 233 1102 300 loquatur
1165 249 1242 282 an
1302 230 1494 283 heros
1556 231 1659 282 hoc
1720 233 1832 283 estr

135 310 230 360 uni
278 309 476 376 cuique
513 325 776 375 personae
824 308 974 358 actus
1024 305 1290 373 aptandus
1331 307 1426 356 est.
1504 322 1826 372 quamquam

137 382 279 451 apud
317 381 732 433 Menandrum
771 379 1043 431 inducitur
1083 396 1268 430 seruus
1310 376 1620 448 [inducitur]
1661 378 1828 430 libere

134 458 379 525 loquenS,
418 459 479 506 ut
517 455 698 506 omnia
737 454 955 506 domino
998 452 1311 520 simpliciter
1340 453 1591 504 fateatur.
1645 452 1826 520 itaque

1884 117 1930 474 &semem-a}
1879 79 1885 88 ’
1936 52 1939 59 -
1934 0 1939 18 ..

93 547 112 578 5
138 548 243 599 quo
290 529 449 581 modo
497 529 649 580 illum
697 527 952 579 excusat?
1001 528 1079 592 [et
1122 526 1224 579 hoc
1264 527 1353 577 ille
1392 526 1734 594 indulgenter
1774 529 1828 577 et
1906 586 1908 589 Ι

136 604 486 668 inconsulto}
641 602 743 653 119
794 605 903 654 aut
946 600 1179 652 famam
1228 617 1493 671 sequere
1541 602 1649 651 aut
1701 599 1826 651 sibi

138 677 599 730 conuenientia
660 676 852 745 finge.
950 675 1054 726 hoc
1117 675 1262 725 aliud
1321 676 1670 742 praeceptum
1732 677 1828 725 est.

136 771 263 804 nam
303 755 464 819 poeta
504 750 799 817 scripturus
840 752 933 801 aut
980 748 1269 800 secundum
1311 765 1630 800 consensum
1670 747 1829 799 debet
1912 738 1930 760 ⁵

137 825 336 895 aliquid
386 825 707 893 describere,
763 827 856 875 aut
901 824 946 875 si
991 822 1274 874 historiam
1319 824 1596 890 tamquam
1641 821 1828 873 tritam

44 916 113 947 7κ)
136 918 249 953 11011
289 900 408 950 uult
447 900 713 967 attingere
754 898 912 949 debet
951 897 1333 949 conuenienter
1379 914 1524 947 noua
1561 895 1827 946 inducere,

291 973 396 1024 12Ο
452 973 736 1039 scriptor
795 973 1182 1024 honoratum
1238 970 1290 1021 si
1344 970 1509 1021 forte
1564 969 1826 1037 reponis

138 1047 448 1098 Achillen.
489 1046 632 1114 apud
677 1045 927 1113 antiquos
969 1044 1364 1096 comoediarum
1402 1043 1825 1111 tragoediarum-

138 1139 239 1189 que
295 1121 583 1187 scriptores
646 1138 765 1171 cum
819 1119 1052 1186 primum
1113 1118 1171 1169 in
1226 1135 1474 1169 scaenam
1529 1116 1823 1185 prodirent,

137 1194 508 1246 fauorabiliter
559 1193 980 1261 excipiebantur,
1029 1193 1184 1243 etiam
1224 1191 1268 1242 si
1307 1191 1445 1242 male
1486 1193 1730 1259 agerent,
1768 1193 1830 1242 ut

73 1288 114 1320 15
137 1269 352 1321 illorum
400 1267 466 1319 ad
508 1266 848 1320 scribendum
895 1267 1092 1318 iterum
1139 1265 1481 1317 allicerentur
1530 1263 1719 1332 animi,
1766 1281 1827 1315 ac

138 1346 384 1410 praetore
433 1345 659 1425 cogente
706 1343 878 1392 totam
924 1357 1141 1392 necesse
1189 1342 1304 1390 erat
1349 1338 1535 1407 peragi
1572 1306 1829 1389 fabulam

140 1417 224 1468 sin
263 1434 391 1468 uero
448 1416 495 1467 ei
546 1416 653 1467 iam
692 1416 847 1466 male
872 1415 1131 1484 egissent,
1192 1413 1523 1482 incipiebant
1585 1412 1831 1464 derideri

137 1491 257 1542 ideo
310 1490 444 1541 dixit
498 1489 512 1511 ‘

139 1564 429 1632 perfidus
476 1563 678 1615 Ixion.
762 1563 927 1615 moris
976 1565 1090 1613 erat
1137 1561 1277 1630 apud
1325 1561 1577 1629 antiquos
1625 1563 1686 1610 ut
1735 1559 1831 1611 du-

74 1665 115 1697 ρο
140 1638 276 1690 cturi
313 1656 506 1689 uxores
545 1637 813 1705 nuptialia
858 1654 1083 1688 munera
1123 1639 1176 1687 et
1222 1635 1401 1687 dotem
1448 1635 1588 1686 ultro
1631 1633 1829 1686 soceris

141 1712 344 1764 darent.
427 1711 582 1763 Ixion
630 1728 758 1780 ergo
806 1729 927 1762 cum
973 1710 1139 1761 filiam
1185 1707 1379 1761 Eionei
1429 1707 1721 1775 accepisset
1769 1707 1828 1759 in

141 1786 451 1854 coniugium
504 1789 556 1836 et
596 1785 775 1837 dotem
813 1784 1017 1835 inuitus
1065 1783 1238 1850 daret,
1286 1783 1528 1834 scrobem
1574 1781 1703 1833 fecit
1747 1781 1827 1832 in-

141 1863 371 1929 gentem,
412 1877 572 1928 quam
611 1859 736 1928 igne
775 1858 1005 1926 repleuit
1043 1857 1134 1908 et
1119 1874 1177 1908 111
1203 1874 1409 1908 summo
1435 1855 1626 1907 leuiter
1650 1855 1831 1906 cinere

140 1934 392 1985 contexit.
469 1934 526 1984 in
562 1933 704 1984 hanc
742 1931 973 1999 Eionea,
1021 1949 1179 1998 quem
1227 1930 1484 1981 simulans
1532 1928 1599 1979 ad
1639 1946 1825 1980 cenam

516 1488 753 1557 reponis'
756 1531 770 1558 ,
832 1488 987 1558 quasi
1049 1486 1263 1539 iterum
1325 1485 1566 1555 profers'.
1723 1485 1828 1537 124
1911 1508 1920 1513 ·

75 2032 118 2065 25
142 2007 484 2072 inuitauerat,
524 2007 710 2058 mersit
749 2024 810 2058 ac
850 2007 925 2057 sic
963 2023 1155 2073 passus
1196 2007 1279 2055 est
1315 2004 1501 2054 uiuum
1542 2002 1702 2054 exuri.
1758 2002 1827 2054 ob
1912 2030 1917 2033 -

139 2081 241 2133 hoc
288 2081 580 2149 perfidus
626 2079 825 2132 Ixion.
943 2080 1047 2132 128
1096 2077 1375 2130 difficile
1424 2079 1521 2128 est
1566 2075 1827 2144 proprie

141 2155 501 2207 communia
543 2155 751 2206 cicere
790 2157 1002 2221 tuque.
1066 2170 1210 2203 nunc
1247 2152 1305 2203 in
1330 2150 1474 2202 aliud
1500 2150 1824 2202 catholicum

140 2231 174 2294 ἦ·
214 2233 267 2280 et
306 2228 459 2297 quasi
498 2230 862 2297 interrogans:
903 2231 960 2278 at
999 2227 1157 2295 enim,
1195 2226 1461 2294 inquiunt,
1501 2223 1712 2275 difficile
1746 2227 1826 2274 est

258 2425 284 2463 2
318 2432 600 2476 quamquam
631 2432 734 2462 nos.-
765 2420 1009 2473 tamquam
1042 2417 1104 2460 M
1178 2422 1189 2424 ”
1245 2420 1270 2458 3
1301 2414 1421 2458 hber
1453 2405 1514 2457 M
1655 2418 1680 2456 5
1713 2425 1824 2468 quo—

140 2479 249 2522 dam
281 2480 417 2522 modo
451 2494 480 2534 ς
594 2481 641 2522 et
670 2479 758 2522 hoc
791 2512 800 2521 .
836 2514 844 2522 .
876 2476 1142 2520 inconsulto
1165 2478 1273 2530 post
1302 2474 1497 2529 loquens
1520 2477 1628 2516 sunt
1657 2473 1710 2515 in
1744 2471 1826 2514 M:

139 2538 247 2582 haec
279 2552 378 2581 cum
414 2537 729 2593 Porphyrioni
766 2538 911 2580 interr
913 2536 1072 2592 oyanti
1111 2536 1246 2578 lector
1283 2533 1565 2588 respondisse
1594 2531 1825 2584 uideatur,

139 2597 405 2652 transposui
435 2601 568 2653 atque
599 2598 746 2640 deleui
864 2595 1167 2652 indiligenter
1199 2609 1227 2648 ς
1347 2597 1373 2635 8
1407 2591 1661 2635 scribturus
1695 2590 1758 2633 M

142 2662 198 2700 10
230 2670 354 2700 noua
386 2657 475 2712 (uel
507 2657 696 2711 nouam)
728 2669 832 2699 nos:
863 2657 1023 2698 notam
1058 2653 1120 2696 M
1255 2657 1305 2695 11
1342 2652 1540 2695 scrlbtor
1573 2649 1636 2692 M
1769 2653 1823 2692 12

76 2758 83 2764 ,
142 2715 455 2759 comed1arum
488 2719 527 2758 et
557 2715 803 2759 scribtores
837 2715 899 2757 M
1019 2718 1073 2756 14
1103 2711 1428 2755 faborabiliter
1460 2710 1523 2753 M
1632 2708 1828 2765 agerent

140 2776 213 2817 ut:
247 2777 497 2830 agerentur
530 2775 591 2817 M
710 2779 765 2816 15
798 2787 871 2816 ac.
905 2786 933 2816 a
966 2772 1029 2815 M
1162 2775 1215 2814 17
1250 2770 1293 2814 31
1322 2769 1418 2813 iam
1448 2782 1553 2813 nos:
1585 2769 1717 2812 &iam
1751 2766 1824 2821 M,

140 2832 310 2876 iterum
342 2834 449 2877 Aer.
485 2849 513 2889 ς
672 2837 727 2876 18
757 2834 944 2888 reponit
974 2835 1015 2875 et
1046 2829 1284 2886 proferens
1318 2829 1381 2872 M
1526 2832 1582 2872 20
1614 2825 1827 2882 nuptaha

144 2892 206 2934 M
308 2897 362 2935 21
397 2906 564 2949 epone1
589 2892 652 2935 M
680 2891 738 2946 cf.
762 2892 893 2935 schol.
921 2890 1072 2946 Apoll
1105 2888 1251 2932 Rhod.
1286 2892 1330 2942 3,
1362 2892 1425 2933 62
1533 2892 1586 2930 21
1613 2898 1824 2940 iniquum

142 2964 410 3006 comugmm
444 2952 506 2994 M
623 2956 681 2994 24
712 2964 863 3007 ponea
895 2950 957 2992 M
1075 2961 1266 2992 caenam
1300 2922 1364 2991 M
1481 2951 1537 2989 25
1570 2946 1629 2989 ab
1664 2943 1726 2988 M

143 3013 199 3052 26
231 3023 446 3065 propriae
482 3046 490 3053 .
526 3045 534 3054 .
567 3012 620 3053 tu
653 3024 734 3066 qm
767 3009 827 3052 M
946 3014 1003 3054 28
1035 3009 1102 3051 et:
1123 3006 1336 3051 transit?
1368 3005 1417 3050 in
1449 3019 1531 3049 om.
1567 3021 1595 3059 ς
