1939 3197
664 74 918 120 EPODON
954 82 975 120 1
1010 78 1058 121 ef,
1089 81 1130 120 2.
1634 63 1739 131 14'5

46 213 340 282 finguntur.
401 212 542 264 unde
568 211 780 264 uidetur
810 229 922 264 non
953 211 1202 264 inmerito
1223 209 1489 264 Chremen
1515 231 1737 267 auarum

49 287 256 338 dixisse.
333 304 519 338 sensus
575 288 775 337 autem:
830 303 942 338 non
991 285 1214 338 studebo
1262 304 1511 339 nummos
1552 287 1735 355 adqui—

47 377 177 429 rere,
217 378 348 428 quos
387 359 654 412 thesauris
696 358 940 411 conditos
979 362 1124 411 terra
1164 359 1447 412 suffodiam
1470 378 1566 428 per
1592 361 1735 430 quod

48 434 124 485 ait
177 452 232 485 se
284 434 428 486 nolle
478 451 727 485 nummos
778 432 975 485 habere
1025 434 1204 501 plures
1254 452 1415 503 quam
1455 434 1557 486 sibi
1598 452 1733 503 opus

47 507 156 558 sint
187 525 248 559 ac
285 525 380 576 per
420 525 553 576 quos
594 507 879 559 sollicitam
923 507 1123 559 habeat
1161 507 1343 560 uitam.
1488 508 1559 560 34
1607 508 1733 560 dis·
1757 530 1777 563 5

46 581 294 633 cinctus
350 584 458 633 aut
503 580 763 650 perdam
794 585 854 633 ut
889 599 1106 649 nepos.
1185 581 1546 634 discinctus
1603 585 1733 635 aut:

45 654 332 707 discinctos
382 674 480 724 pro
534 655 947 724 neglegentibus
1002 656 1234 707 solemus
1290 658 1344 707 et
1396 673 1496 707 nos
1546 655 1734 709 dicere.

42 731 294 794 nepotem
346 733 525 781 autem
575 732 782 781 ueteres
837 731 898 780 ut
948 728 1235 798 prodigum
1294 747 1355 781 ac
1401 729 1736 782 luxuriosum

43 801 313 871 dicebant,
368 804 492 871 quia
530 821 587 854 re
627 821 755 854 uera
795 803 1077 855 solutiores
1120 802 1549 871 delicatiorisque
1589 805 1734 856 uitae

45 876 253 928 soleant
292 894 421 946 esse,
462 877 552 946 qui
593 877 690 929 sub
732 895 833 929 auo
873 876 1197 929 nutriantur.
1757 900 1799 932 10

581 1007 741 1051 EPOD
749 1007 833 1051 ΟΝ
864 1006 1115 1051 CARMEN
1148 1012 1186 1051 2.

186 1097 424 1150 Beatus
478 1099 590 1151 ille
643 1099 749 1167 qui
794 1099 1020 1166 procul
1059 1098 1363 1167 negotiis
1439 1098 1573 1150 haec
1615 1093 1732 1171 ςόὃὴ

39 1171 221 1224 laudes
283 1173 515 1224 rusticae
575 1173 719 1224 uitae
782 1173 1034 1225 continet.
1133 1172 1354 1241 negotia
1409 1176 1588 1224 autem
1643 1173 1732 1226 hic

38 1247 311 1298 molestias
366 1246 604 1298 urbanae
658 1246 801 1298 uitae
856 1246 975 1298 uult
1037 1246 1292 1315 intellegi.
1432 1245 1465 1298 5
1528 1264 1732 1315 neque

39 1320 361 1372 excitatur
416 1321 691 1373 classico
748 1321 930 1372 miles
993 1320 1163 1372 truci
1226 1322 1279 1371 et
1325 1320 1547 1388 reliqua.
1626 1320 1728 1373 ele·
1755 1342 1795 1375 15

40 1396 233 1463 ganter
295 1395 531 1447 ostendit
591 1394 932 1447 incommoda
982 1394 1126 1446 uitae
1184 1394 1376 1463 quibus
1416 1395 1605 1446 rustici
1646 1413 1729 1446 ca-

35 1471 169 1519 rent.
325 1469 353 1519 7
418 1471 479 1520 et
534 1469 810 1537 superba
866 1468 1102 1520 ciuium
1141 1487 1191 1536 p.
1230 1468 1263 1520 l.
1343 1468 1729 1520 salutationum

36 1542 215 1594 officia
255 1543 396 1595 dicit.
515 1543 582 1594 10
630 1542 795 1594 altas
834 1542 1102 1594 maritat
1148 1542 1436 1610 populos,
1512 1543 1728 1611 proprie

35 1616 278 1667 maritari
318 1617 533 1669 arbores
574 1616 844 1685 dicuntur,
884 1634 1005 1668 cum
1044 1616 1181 1668 uites
1220 1616 1304 1668 his
1346 1616 1728 1685 adiunguntur.

35 1689 128 1741 sed
167 1691 396 1758 speciem
435 1709 533 1759 pro
576 1691 749 1759 specie
788 1691 983 1759 posuit.
1059 1708 1171 1743 non
1211 1690 1355 1742 enim
1392 1690 1579 1759 populi
1617 1709 1726 1743 ma-
1751 1713 1794 1745 20

34 1763 187 1815 ritari
250 1765 341 1817 sed
402 1765 534 1817 ulmi
598 1765 787 1817 solent.
879 1764 1006 1817 hinc
1062 1767 1242 1816 autem
1289 1765 1397 1816 iam
1446 1765 1728 1818 commoda

31 1838 262 1890 rusticae
302 1839 446 1891 uitae
486 1857 797 1891 enumerare
838 1857 899 1891 ac
917 1838 1213 1891 describere
1230 1838 1434 1907 incipit.
1531 1839 1596 1891 17
1623 1840 1725 1891 uel

33 1928 168 1964 cum
223 1912 521 1966 decorum
570 1913 839 1965 mitibus
889 1913 1093 1981 pomis
1144 1916 1338 1981 caput
1378 1915 1723 1964 autumnus

33 1986 206 2054 agris
262 1988 509 2039 extulit.
592 1988 801 2055 poetica
855 1987 1142 2056 phantasia
1196 1986 1352 2038 finxit
1406 1989 1725 2038 autumnum

34 2060 187 2127 quasi
226 2062 558 2128 corporalem
598 2061 754 2113 deum
792 2061 968 2129 pomis
1009 2062 1341 2113 coronatum.
1459 2060 1524 2111 19
1564 2060 1724 2112 insi·
1748 2082 1790 2115 25

30 2133 168 2185 tiua
245 2134 592 2203 decerpens
669 2135 823 2203 pira.
932 2135 1123 2187 merito
1194 2134 1482 2186 insitiua.
1596 2152 1724 2186 nam

29 2208 271 2275 pirorum
326 2209 542 2261 arbores
600 2227 734 2278 quae
787 2211 977 2277 sponte
1018 2211 1177 2260 natae
1220 2210 1347 2260 sunt
1384 2226 1604 2260 necesse
1642 2211 1724 2261 est

31 2281 164 2334 dura
202 2285 361 2351 atque
401 2301 591 2352 aspera
629 2301 790 2351 poma
822 2283 964 2335 dent.
1078 2283 1147 2334 21
1192 2301 1312 2351 qua
1350 2285 1723 2334 muneretur

28 2357 88 2407 te
138 2355 383 2425 Priape.
463 2360 516 2410 et
564 2375 787 2409 munero
840 2360 893 2409 et
938 2374 1193 2409 muneror
1240 2356 1298 2408 in
1339 2356 1515 2408 actiua
1556 2356 1720 2425 signi-

28 2429 276 2482 ficatione
326 2434 466 2484 recte
522 2432 729 2484 dicitur.
855 2432 924 2484 26
988 2433 1345 2499 queruntur
1405 2431 1470 2482 in
1534 2430 1718 2483 siluis
1743 2465 1786 2499 30

31 2522 196 2556 aues.
274 2509 649 2575 queruntur,
695 2505 892 2574 inquit,
932 2506 1187 2574 quoniam
1228 2507 1437 2557 ueteres
1479 2504 1719 2557 omnium

148 2656 173 2693 2
223 2664 402 2694 sensus:
453 2664 583 2695 senes
618 2652 681 2694 M
828 2656 853 2694 3
885 2652 1009 2695 terre
1044 2650 1107 2694 M
1254 2655 1282 2693 4
1313 2665 1409 2694 nun
1440 2663 1540 2693 mos
1575 2649 1637 2692 M

28 2709 137 2754 sibi:
172 2725 211 2754 si
237 2710 299 2753 M
401 2714 426 2753 5
459 2709 707 2754 discinctos
732 2711 786 2753 ut
809 2710 1060 2754 d1sc1nctos
1088 2709 1161 2763 M,
1193 2711 1275 2753 aut
1306 2722 1409 2753 nos:
1442 2707 1713 2765 discinctus]

26 2771 81 2813 ut
111 2768 223 2814 disc.
254 2770 340 2813 aliz·
446 2775 470 2812 9
506 2769 738 2813 solutioris
772 2784 801 2825 ς
899 2770 1246 2825 delicatioresq3
1283 2769 1345 2811 M
1447 2773 1498 2811 12
1531 2767 1622 2810 hac
1657 2766 1721 2810 M

148 2833 202 2872 15
232 2828 433 2884 reliqua:
467 2829 562 2884 rlq3
597 2829 661 2872 M
824 2833 876 2872 17
911 2841 1112 2886 superua
1145 2828 1208 2871 M
1373 2826 1717 2870 salutacionum

29 2887 91 2930 Μ
202 2893 255 2933 18
287 2889 459 2931 marita
491 2887 554 2931 M
655 2893 712 2932 20
745 2887 967 2944 speciem:
1009 2900 1160 2944 specie
1195 2887 1259 2929 M
1361 2890 1417 2929 24
1448 2884 1657 2929 fantasia

29 2951 84 2991 28
124 2946 237 2991 dent
269 2963 297 3003 ς
334 2946 365 2988 ᾶ
397 2948 460 2991 M
487 2948 554 3003 (in
585 2951 783 2991 extrema
815 2947 956 3003 linea)
1107 2951 1162 2990 29
1204 2945 1240 2989 85
1270 2958 1463 2988 numero
1497 2944 1535 2988 85
1564 2959 1714 2988 inmu-

26 3018 138 3050 nero
172 3007 236 3049 M
350 3006 699 3064 sigmficacione
734 3006 798 3049 M

118 3095 391 3131 Ponpmmox.
1305 3083 1360 3122 10
