1939 3197
167 63 271 116 108
753 63 871 108 ODE
904 64 981 120 ΠΙ,
1015 69 1068 107 21
1105 65 1152 107 et
1183 68 1253 107 22.

162 199 388 269 phoram
451 217 697 269 promere
758 199 902 251 uelit.
1026 198 1339 252 descende
1418 198 1695 254 Coruino
1770 204 1865 257 iu·-

161 274 354 326 bente
394 291 686 343 promere
726 273 1144 343 languidiora
1190 274 1354 325 uina.
1433 275 1649 327 attende
1683 277 1857 330 elocu-
1917 294 1920 296 ·

161 349 365 401 tionem
407 347 694 400 ‘descende
733 346 1004 416 promere'
1043 366 1142 416 pro
1177 347 1462 401 ‘descende
1501 352 1562 401 ut
1600 351 1868 421 promas’‚.

162 425 225 474 ut
264 426 344 475 est
381 422 513 474 illud
561 421 987 474 Lucilianum:
1058 421 1152 474 Da
1202 422 1421 475 bibere
1473 424 1548 475 ab
1602 443 1855 479 summo.

116 511 137 543 5
160 496 501 565 languidiora
568 498 749 547 autem
818 496 949 548 uina
1004 495 1132 548 dic-it
1187 499 1456 549 uetustate
1507 498 1688 551 lenita.
1775 500 1850 553 sic

164 587 291 640 ergo
333 573 387 622 et
424 569 556 622 illud
597 588 761 639 supra
786 570 986 622 dictum
1033 568 1163 622 Nec
1203 569 1678 640 Laestrygonia
1707 571 1856 626 Bac-

164 644 316 697 chus
349 645 412 697 in
447 644 754 713 amphora
793 644 1162 714 languescit
1200 644 1369 696 mihi.
1508 646 1541 697 9
1580 664 1707 698 non
1745 647 1858 700 ille

163 737 539 789 quamquam
617 717 972 771 Socraticis
1051 718 1262 770 madet
1333 721 1733 773 sermonibus
1793 724 1865 774 te

162 794 455 863 neglegit
492 792 808 846 horridus.
883 796 1188 845 narratur
1228 796 1289 845 et
1333 794 1534 861 prisci
1575 792 1866 848 Catonis&

96 884 140 915 10
165 868 294 920 ordo
351 872 404 919 et
454 885 641 919 sensus
687 870 790 919 est:
852 886 965 920 non
1020 867 1109 919 ille
1158 870 1212 918 te
1258 868 1500 938 neglegit
1549 886 1648 920 nec
1679 872 1762 920 est
1799 870 1868 922 in*

161 941 264 994 hoc
314 942 587 1010 horridus,
644 960 969 1011 quamquam
1023 942 1399 1011 philosophiae
1456 942 1727 995 studiosus
1776 944 1860 996 sit.

316 1017 382 1069 13
437 1020 504 1068 tu
561 1017 702 1068 lene
756 1019 1150 1069 tormentum
1218 1016 1482 1086 ingenio
1539 1016 1860 1086 admoueS,

163 1091 417 1159 quoniam
459 1093 511 1142 et
549 1091 826 1143 blanditur
865 1091 1093 1143 ebrietas
1135 1093 1188 1142 et
1227 1093 1508 1159 extorquet
1546 1092 1860 1161 plerumque

164 1164 331 1216 animi
363 1165 701 1234 grauitatem.
814 1166 878 1217 18
928 1165 1229 1232 uiresque
1286 1168 1348 1216 et
1399 1164 1581 1217 addis
1623 1183 1867 1218 cornua.

97 1253 140 1286 15
161 1239 441 1307 pauperi.
519 1239 654 1290 bene
696 1242 748 1291 et
786 1239 905 1307 hoc,
945 1239 1070 1307 quia
1109 1238 1377 1290 interdum
1417 1257 1512 1307 per
1544 1239 1862 1292 ebrietatem

161 1312 407 1365 homines
447 1313 770 1365 humilitatis
805 1331 930 1365 suae
958 1313 1112 1365 obliti
1135 1312 1194 1364 in
1217 1313 1476 1366 maiorem
1503 1313 1585 1365 sui
1607 1313 1859 1366 fiduciam

163 1390 481 1457 exsurgunt,
536 1405 631 1455 per
685 1406 846 1456 quam
885 1387 1196 1440 melioribus
1236 1405 1349 1439 non
1389 1387 1634 1440 cedentes
1677 1399 1881 1440 accen?

164 1461 364 1513 duntur
404 1461 471 1513 ad
510 1462 883 1513 temeritatem.
960 1481 1057 1530 per
1106 1480 1307 1514 cornua
1338 1479 1465 1530 ergo
1505 1462 1859 1514 uinolentiam

163 1536 367 1587 cerebri
404 1536 648 1604 intellegi
686 1537 817 1587 uult.
932 1537 1005 1588 2Ο
1043 1553 1262 1604 regum
1305 1536 1532 1603 apices,
1616 1554 1711 1604 per
1751 1537 1860 1605 api-

96 1626 140 1658 20
164 1627 250 1662 ces
291 1610 675 1661 sublimitatem
730 1609 949 1662 honoris
1001 1628 1062 1662 ac
1108 1609 1382 1678 potentiae
1424 1609 1716 1678 significari
1753 1611 1862 1663 iam

163 1687 218 1736 et
259 1702 420 1752 supra
460 1684 806 1736 ostendimus,
958 1685 1027 1737 21
1092 1687 1152 1735 te
1214 1682 1405 1735 Liber
1467 1687 1528 1735 et
1583 1684 1635 1736 si
1685 1685 1860 1737 laeta

165 1758 376 1810 aderit
436 1757 669 1810 Uenus.
770 1758 1041 1827 significat
1092 1775 1146 1810 se
1203 1776 1266 1810 ex
1315 1758 1417 1810 hac
1468 1758 1729 1827 amphora
1768 1777 1865 1828 po·

165 1832 332 1884 tando
385 1832 716 1884 hilaritatem
771 1835 825 1884 et
879 1833 1112 1902 gratiam
1164 1832 1398 1885 conuiuii
1445 1850 1611 1901 usque
1650 1832 1707 1884 in
1748 1851 1861 1885 cra-

165 1906 366 1958 stinum
404 1923 562 1958 mane
594 1906 994 1974 producturum.
1071 1906 1225 1957 uiuas
1265 1907 1509 1958 lucernas
1549 1925 1647 1974 pro
1673 1907 1861 1959 arden—

97 1996 140 2028 25
163 1980 309 2032 tibus
328 1980 474 2032 dixit.
554 1981 624 2032 22
654 1997 1017 2050 segnesque
1058 1979 1296 2032 nodum
1329 1981 1583 2031 soluere
1602 1978 1866 2033 Gratiae

162 2053 266 2106 hoc
306 2057 409 2106 est:
451 2072 586 2122 quae
620 2054 823 2106 nodum
855 2073 966 2107 non
992 2056 1224 2107 soluunt.
1270 2054 1372 2106 hoc
1391 2057 1569 2105 autem
1589 2054 1725 2106 adid
1742 2073 1861 2123 per-

163 2128 323 2196 tinet,
380 2128 521 2196 quod
563 2129 654 2197 qui
692 2128 799 2180 fida
839 2130 1015 2198 gratia
1053 2130 1195 2181 inter
1235 2146 1289 2180 se
1329 2128 1499 2180 iuncti
1539 2131 1665 2180 sunt
1703 2147 1857 2181 num-

166 2219 327 2270 quam
368 2203 434 2254 ab
477 2203 714 2254 amicitia
752 2204 1110 2255 resoluuntur.

867 2304 985 2348 0οΕ
1020 2310 1060 2360 3,
1095 2309 1164 2348 22.

97 2417 141 2449 30
313 2391 631 2445 Montium
673 2397 890 2446 custos
930 2412 1407 2463 nemorumque,
1455 2394 1657 2463 uirgo.
1734 2394 1860 2448 Dia-

165 2484 267 2518 nae
306 2467 495 2534 pinum
534 2467 592 2518 in
630 2467 800 2521 fundo
841 2486 936 2520 suo
977 2472 1276 2538 consecrat,
1327 2468 1470 2537 apud
1510 2487 1671 2538 quam
1711 2472 1863 2538 quot-

286 2587 314 2625 4
344 2582 492 2627 Lucil.
527 2587 566 2637 5,
599 2588 658 2626 34
780 2589 804 2627 6
839 2584 911 2628 od.
948 2590 1015 2640 16,
1049 2590 1105 2628 34

287 2706 308 2743 1
367 2700 594 2744 amforam
629 2701 693 2743 M
850 2702 1071 2746 Coruino:
1126 2716 1235 2746 umo
1271 2703 1334 2746 M
1502 2707 1530 2745 4
1569 2702 1863 2746 Lucilianum

169 2758 348 2815 Pauly:
393 2759 612 2803 luc1hane
648 2760 727 2816 M,
767 2761 938 2805 Lucili:
995 2776 1022 2805 a
1061 2777 1118 2805 ne
1151 2763 1211 2805 da
1245 2763 1578 2818 Zanyemeister
1722 2767 1746 2805 6
1794 2763 1863 2821 le·

165 2820 391 2874 stngoma
427 2819 604 2862 bachus
639 2833 688 2862 111
728 2820 908 2864 amfora
948 2821 1011 2864 M
1144 2826 1168 2864 9
1202 2824 1416 2865 narratus
1451 2821 1512 2864 M
1654 2825 1705 2863 11
1755 2821 1862 2864 hor-

163 2877 332 2920 rendus
368 2878 430 2920 M
557 2883 611 2921 12
643 2878 748 2937 lene
783 2880 846 2922 M
965 2886 1018 2923 16
1050 2879 1269 2923 fidut1am
1303 2881 1366 2923 M
1498 2885 1550 2923 18
1583 2879 1858 2924 [nolentiam

167 2935 230 2976 M
341 2941 395 2980 19
427 2937 509 2980 hoc
537 2938 671 2982 schol.
699 2943 804 2993 post
834 2940 1071 2995 insequens
1094 2940 1300 2994 positum
1331 2943 1393 2982 est
1422 2940 1475 2982 in
1508 2939 1571 2981 M
1675 2943 1729 2982 22
1763 2952 1858 2982 am-

163 2992 264 3036 fora
298 2995 361 3037 M
486 3000 542 3039 25
574 3010 798 3052 renesque
832 2998 896 3040 M
1013 3003 1069 3041 30
1101 3011 1431 3053 nemorumque
1466 2998 1528 3040 M
