1939 3197
148 87 250 139 192
702 87 906 132 SERMO
940 88 973 143 Ι,
1008 93 1049 144 2,
1082 91 1271 131 ‘25-37,

143 224 443 276 miserum
498 227 551 275 et
604 223 823 291 reliqua.
911 226 1073 275 notus
1129 226 1211 275 est
1265 222 1407 290 apud
1462 221 1838 274 Terentium

143 297 490 350 Menedemus
531 298 620 349 ille
662 315 844 365 senex,
893 297 984 365 qui
1024 296 1088 348 de
1129 315 1184 349 se
1222 315 1426 365 poenas
1467 296 1656 365 exigit,
1697 296 1840 365 quod

143 371 314 424 filium
354 390 385 422 a
418 389 473 423 se
513 389 608 439 per
648 370 901 423 duritiam
942 371 1024 422 sui
1062 371 1349 440 fugauerit.
1464 369 1535 422 25
1574 369 1840 422 Malthi-

143 463 260 497 nus
315 445 554 497 tunicis
612 444 920 497 demissis
999 445 1097 497 sub
1149 444 1401 497 Malthini
1439 444 1840 512 nominequi-

102 532 122 565 5
148 519 284 570 dam
316 517 685 571 Maecenatem
727 519 1069 588 suspicantur
1094 519 1398 588 significari.
1478 518 1544 569 ab
1576 536 1634 570 re
1657 522 1841 570 tamen

143 610 344 646 nomen
396 593 565 645 finxit.
665 593 871 644 maltha
918 593 1061 645 enim
1108 593 1344 645 malacos
1396 592 1602 644 dicitur.
1680 610 1841 661 porro

145 669 325 719 autem
371 667 570 719 tunicis
626 667 870 719 demissis
922 667 1197 719 ambulare
1245 685 1431 719 eorum
1478 668 1583 734 est,
1645 666 1735 734 qui
1787 684 1841 718 se

144 741 332 793 molles
373 759 435 793 ac
475 741 731 793 delicatos
770 741 942 793 uelint
979 741 1181 793 haberi.
1296 741 1368 793 26
1429 740 1681 792 facetus
1732 759 1839 808 pa-

146 815 359 867 stillos
399 814 689 867 Rufillus
746 816 900 884 olet,
953 814 1314 884 Gargonius
1368 814 1629 866 hircum.
1705 814 1837 866 11388

80 902 123 934 10
147 907 357 957 quoque
420 890 664 958 exempla
725 889 792 941 ad
854 889 1264 942 immoderatam
1324 889 1842 956 intemperatamque

146 963 484 1015 uoluntatem
546 963 834 1032 pertinent.
951 963 1040 1014 alii
1105 964 1302 1032 quippe
1365 962 1657 1015 munditias
1718 963 1840 1030 plus

144 1036 286 1089 iusto
329 1036 627 1106 adfectant,
682 1037 773 1088 alii
824 1038 1028 1089 nullam
1085 1038 1323 1105 corporis
1374 1036 1456 1089 sui
1504 1037 1708 1088 habent
1756 1055 1842 1088 cu-

145 1129 275 1161 ram.
389 1111 460 1162 28
526 1113 675 1162 sunt
731 1111 836 1179 qui
890 1111 1108 1163 nolint
1161 1111 1469 1180 tetigisse
1519 1110 1646 1162 nisi
1691 1111 1840 1162 illas

64 1240 70 1243 ,
148 1202 410 1252 quarum
444 1185 712 1236 subsuta
776 1185 944 1237 talos
984 1188 1164 1254 tegat
1206 1185 1306 1251 [in]
1355 1185 1589 1236 instita
1650 1187 1841 1236 ueste.

79 1269 121 1301 15
145 1260 423 1310 matronas
464 1259 747 1327 significat.
824 1259 957 1311 haec
997 1259 1141 1311 enim
1174 1260 1313 1311 stola
1351 1261 1576 1310 utuntur
1607 1259 1674 1310 ad
1705 1259 1841 1311 imos

146 1332 307 1400 pedes
349 1332 602 1401 demissa,
657 1334 806 1385 (3111118
858 1333 1022 1385 11113111
1069 1336 1277 1402 partem
1317 1333 1487 1385 ambit
1524 1333 1713 1385 instita
1752 1333 1841 1385 ad·

147 1408 282 1458 suta.
397 1407 464 1458 31
524 1407 778 1475 quidam
817 1410 1011 1460 notus
1051 1408 1236 1460 homo
1285 1425 1421 1459 cum
1472 1408 1675 1459 exiret
1713 1407 1842 1460 for-

145 1480 287 1531 nice
328 1482 546 1532 macte.
622 1480 837 1533 Marcus
863 1479 997 1534 Cato
1037 1482 1125 1533 ille
1153 1480 1440 1534 Censorius
1474 1499 1594 1533 cum
1618 1481 1843 1533 uidisset

146 1553 421 1606 hominem
460 1554 750 1608 honestum
791 1574 817 1607 e
857 1556 1062 1608 fornice
1103 1558 1407 1624 exeuntem,
1453 1555 1695 1607 laudauit
1758 1573 1840 1606 ex-

86 1627 400 1680 20181811113118
455 1628 733 1681 libidinem
775 1630 1217 1698 compescendam
1273 1647 1386 1681 esse
1442 1629 1555 1681 sine
1609 1629 1875 1682 crimine·

152 1705 354 1754 macte
396 1705 575 1754 autem
617 1702 809 1773 ‘magis
850 1707 1003 1755 aucte
1044 1704 1097 1755 id
1124 1707 1204 1756 est
1229 1702 1516 1755 cum'ulate'
1558 1702 1841 1773 significat.

297 1776 367 1828 35
407 1776 606 1828 nolim
646 1777 975 1830 laudarier
1007 1778 1238 1846 inquit.
1318 1777 1483 1830 Gaius
1510 1775 1841 1845 Cupiennius

147 1848 282 1902 Libo
324 1848 597 1902 Cumanus
637 1850 874 1920 Augusti
927 1852 1294 1904 familiaritate
1365 1852 1538 1903 clarus
1602 1851 1842 1920 corporis

149 1924 231 1975 sui
254 1924 715 1993 ‘diligentissimus
778 1925 883 1978 fuit
937 1928 1170 1978 sectator
1224 1929 1593 1978 matronarum
1649 1943 1842 1978 concu-

80 1997 306 2058 2511113118.
385 1998 517 2050 albi
566 2002 746 2051 autem
785 2018 896 2052 non
934 2018 1033 2068 pro
1075 2000 1301 2052 candido
1342 2000 1556 2052 uidetur
1593 1999 1726 2051 mihi
1766 1999 1840 2051 di-

150 2071 313 2140 xisse,
361 2090 482 2124 cum
521 2073 705 2141 utique
744 2074 956 2142 possint
1003 2077 1056 2126 et
1094 2075 1346 2144 uulgares
1386 2074 1636 2126 mulieres
1677 2073 1838 2126 etiam

1891 0 1939 263 1

146 2146 451 2198 meretrices
499 2147 756 2200 candidae
813 2166 950 2217 esse,
1002 2148 1092 2201 sed
1145 2149 1212 2200 ad
1258 2150 1463 2200 uestem
1511 2148 1689 2199 albam
1736 2166 1841 2216 qua
1895 2172 1900 2175 ·

147 2222 423 2271 matronae
479 2222 708 2273 maxime
764 2224 991 2274 utuntur
1044 2226 1175 2290 puto
1231 2223 1459 2274 relatum
1515 2239 1644 2274 esse.
1769 2222 1837 2273 37

148 2292 368 2344 audire
432 2297 530 2345 est
585 2313 816 2364 operae
856 2297 1097 2364 petium
1136 2296 1481 2365 procedere
1521 2299 1694 2348 recte
1735 2295 1840 2364 qui

81 2366 429 2419 301110881118
492 2386 619 2420 11811
680 2370 883 2422 uultis
945 2374 1012 2422 ut
1075 2370 1246 2422 omni
1298 2373 1479 2438 parte
1519 2370 1833 2421 laborent.

147 2440 351 2492 urbane
392 2441 631 2494 abutitur
669 2442 985 2495 Ennianis
1026 2444 1290 2496 uersibus:

269 2622 290 2659 1
325 2615 491 2660 Heaut.
528 2622 564 2672 1,
602 2623 638 2672 1,
675 2622 757 2661 135
791 2633 893 2674 sqq.
1010 2624 1062 2662 31
1097 2618 1234 2662 Ennii
1266 2618 1429 2675 fragm.
1465 2619 1582 2662 Ann,
1615 2623 1702 2662 454

270 2784 291 2822 1
326 2780 398 2823 ter
429 2781 629 2824 rentmm
664 2780 726 2823 M
837 2786 861 2824 3
896 2781 1162 2825 durlticlam
1196 2782 1257 2824 M
1368 2795 1499 2825 suam
1530 2781 1780 2825 Fabricius

150 2842 175 2880 5
208 2840 446 2882 mecenate
481 2839 543 2882 M
688 2840 880 2883 thamen
920 2854 1147 2884 nomenen
1182 2840 1244 2883 M
1391 2845 1416 2883 9
1463 2841 1658 2896 hyrcum
1692 2839 1754 2881 M

152 2902 206 2940 10
238 2898 634 2954 1ntemperatanq;
671 2898 734 2941 M
824 2904 875 2942 11
910 2899 1204 2955 uoluptatem
1236 2914 1266 2954 ς
1357 2912 1497 2955 qmpe
1532 2899 1594 2942 M
1684 2902 1739 2941 14
1769 2898 1839 2940 ta-

148 2955 270 2999 talos
303 2957 366 2999 M
486 2961 538 3000 15
570 2957 659 3001 hae
693 2972 721 3012 ς
844 2963 897 3001 16
931 2972 1041 3002 cuns
1076 2959 1138 3001 Μ
1253 2959 1395 3002 11181113
1428 2959 1492 3001 M
1585 2962 1640 3001 22
1674 2969 1839 3012 gaulus

150 3027 370 3070 cupemus
405 3016 467 3058 M
585 3022 640 3061 ‘26
681 3015 843 3061 etiam:
877 3019 925 3061 et
957 3033 985 3072 ς
1106 3021 1160 3060 29
1202 3017 1397 3073 pcedere
1431 3017 1494 3059 M
