1939 3197
167 78 277 129 224
725 76 926 121 SERMO
960 78 992 132 Ι,
1027 83 1066 132 6,
1101 82 1320 121 86—107.

171 215 326 280 [non]
352 213 723 282 praestitisset,
763 230 884 264 cum
921 212 1139 265 humilis
1173 213 1334 265 fuerit
1358 215 1411 264 et
1434 230 1624 280 praeco
1651 214 1704 264 et
1728 213 1859 265 satis

165 288 275 341 filio
315 288 552 356 potuerit
590 304 723 353 esse,
762 287 808 337 si
846 289 1127 354 paternam
1159 287 1329 339 uitam
1353 287 1665 339 imitaretur.
1728 303 1857 355 ergo

165 363 268 414 hoc
306 363 424 430 ipso
464 361 635 413 multo
676 360 935 412 maiorem
975 361 1207 429 gratiam
1255 379 1310 413 se
1349 361 1491 428 patri
1532 379 1628 412 suo
1668 359 1858 412 debere

167 436 316 503 dicit,
379 435 521 503 quod
577 452 740 502 supra
788 434 930 485 uires
987 437 1159 486 status
1219 435 1300 486 sui
1351 435 1522 486 filium
1571 435 1640 486 sit
1678 451 1860 503 prose-

121 530 142 562 ε»
168 512 335 562 cutus,
452 509 520 561 86
576 511 644 560 ut
689 507 815 559 fuit
853 508 988 575 ipse
1030 511 1302 560 coactor.
1380 509 1717 577 argentarius
1760 508 1857 561 sci-

166 584 289 636 licet
327 585 554 650 coactor,
595 581 738 651 quod
775 582 975 633 humile
1016 600 1076 634 ac
1100 582 1473 650 turpissimum
1505 598 1674 650 genus
1701 599 1859 649 quae-

167 660 280 709 stus
310 656 623 709 habebatur.
740 656 809 709 89
874 674 1071 725 eoque
1122 675 1250 708 non
1303 658 1371 707 ut
1425 673 1657 724 magna
1712 655 1859 707 dolo

165 732 402 783 factum
439 733 635 799 negat
674 747 811 782 esse
852 748 968 782 suo
1009 749 1156 798 pars
1198 730 1362 798 quod
1394 748 1519 786 non
1543 730 1860 798 ingenuos

167 805 400 857 habeat
455 805 792 871 clarosque
859 807 1161 872 parentes
1241 804 1329 855 sic
1378 821 1469 855 me
1511 804 1862 855 defendam.

102 899 144 931 ιο
170 879 298 931 ordo
340 881 439 930 est:
480 895 647 946 eoque
686 895 797 929 non
838 879 913 929 sic
953 896 1036 929 me
1078 877 1374 929 defendam.
1453 881 1505 929 et
1537 881 1617 929 est
1642 895 1860 929 sensus:

168 954 502 1021 plerumque,
557 970 676 1003 cum
723 952 1000 1003 humilitas
1041 951 1252 1020 generis
1294 952 1651 1019 obprobratur
1690 951 1862 1018 alicui,

172 1028 246 1078 sic
287 1045 341 1078 se
383 1027 518 1077 solet
558 1025 855 1093 defendere,
894 1029 956 1077 ut
993 1044 1106 1077 non
1148 1044 1299 1077 suam
1325 1026 1536 1093 culpam
1563 1025 1706 1077 dicat
1730 1043 1862 1092 esse,

171 1100 312 1168 quod
352 1100 415 1151 de
454 1099 652 1151 talibus
693 1068 1006 1166 parentibus
1046 1102 1207 1151 natus
1249 1099 1342 1163 sit3
1400 1117 1499 1167 ego
1542 1102 1743 1165 autem,
1783 1099 1862 1149 in-

172 1174 289 1243 quit
336 1172 620 1240 HoratiuS,
679 1191 791 1224 non
843 1176 1058 1224 tantum
1111 1191 1221 1225 non
1279 1173 1451 1224 dicam
1498 1173 1622 1240 hoc,
1676 1191 1862 1224 uerum

105 1271 147 1302 25
172 1248 334 1300 etiam
374 1265 400 1298 e
441 1247 709 1299 contrario
760 1247 960 1299 talibus
1015 1247 1331 1315 parentibus
1383 1265 1466 1298 me
1521 1250 1709 1298 natum
1750 1247 1861 1315 glo-

170 1322 372 1389 riabor3
434 1339 562 1373 nani
617 1321 660 1373 si
700 1324 895 1372 natura
949 1321 1288 1389 permitteret
1326 1321 1535 1372 renasci
1574 1324 1628 1372 et
1667 1321 1863 1389 eligere

171 1399 421 1463 parentes
462 1413 526 1446 ex
565 1395 757 1464 quibus
796 1413 1219 1463 renasceremur,
1280 1413 1392 1447 non
1440 1412 1540 1464 ego
1580 1395 1796 1446 mallem
1835 1412 1863 1446 e

170 1470 443 1522 nobilibus
495 1472 548 1520 et
600 1469 896 1522 honoribus
950 1468 1149 1521 functis
1203 1469 1353 1521 nasci
1400 1488 1560 1538 quam
1601 1488 1628 1520 e
1669 1468 1862 1537 quibus

171 1546 331 1595 natus
372 1562 503 1595 sum.
618 1543 689 1595 95
753 1546 942 1612 atque
1006 1543 1172 1596 alios
1234 1544 1446 1612 legere
1503 1543 1576 1595 ad
1625 1543 1864 1594 fastum

105 1641 148 1672 20
174 1635 598 1686 quoscumque
649 1620 969 1685 parentes.
1057 1618 1131 1669 ad
1186 1617 1425 1669 fastum
1478 1617 1580 1670 hoc
1635 1619 1738 1669 est:
1796 1616 1864 1668 ad

170 1691 447 1743 fastidium
488 1709 548 1742 ac
587 1709 682 1758 per
720 1691 822 1743 hoc
864 1692 1105 1759 superbe.
1214 1692 1283 1743 97
1326 1692 1581 1743 demens
1621 1690 1862 1742 iudicio

171 1766 363 1834 uulgi.
439 1765 636 1834 uulgus
684 1764 828 1816 enim
867 1765 1050 1834 magni
1095 1765 1226 1817 facit
1271 1765 1612 1817 nobilitatem
1652 1764 1863 1834 generis

173 1843 225 1891 et
266 1857 377 1907 eOS,
411 1839 502 1907 qui
542 1842 826 1907 gesserunt
864 1839 1232 1908 magistratus.
1347 1839 1416 1890 98
1482 1857 1673 1890 sanus
1736 1838 1864 1890 for-

171 1916 347 1965 tasse
402 1916 525 1964 tuo.
601 1912 703 1964 hoc
760 1913 826 1964 ad
880 1911 1248 1965 Maecenatem
1298 1916 1439 1965 recte
1495 1913 1709 1980 dicitur,
1773 1912 1865 1980 qui

106 2011 149 2044 25
173 1987 469 2040 abhorrens
510 1986 834 2038 senatoriam
875 1987 1195 2056 dignitatem
1241 1987 1299 2038 in
1346 1987 1604 2055 equestris
1642 1986 1864 2039 honoris

174 2061 343 2130 gradu
384 2079 438 2112 se
479 2061 758 2113 continuit.
877 2061 981 2113 102
1028 2079 1103 2112 ne
1143 2061 1316 2113 solus
1356 2079 1543 2113 rusue
1586 2062 1719 2126 [uc]
1760 2078 1863 2128 pe-

173 2152 371 2204 regre.
450 2134 579 2186 ordo
628 2137 730 2186 est:
784 2153 945 2187 rusue
1001 2138 1094 2187 aut
1146 2152 1367 2204 peregre
1423 2135 1635 2187 exirem.
1760 2133 1866 2185 104

175 2209 456 2260 ducenda
510 2209 841 2276 petorrita.
917 2209 1237 2276 petorritum
1286 2226 1454 2278 genus
1492 2208 1727 2261 uehiculi
1767 2210 1864 2276 est,

175 2282 318 2351 quod
379 2283 543 2350 uulgo
614 2300 824 2334 carrum
893 2283 1101 2335 dicitur.
1256 2284 1359 2335 106
1422 2282 1703 2334 mantica
1764 2281 1865 2333 cui

108 2373 151 2405 30
175 2356 422 2408 lumbos
464 2374 650 2408 onere
683 2357 942 2409 ulceret.
1020 2357 1256 2409 mantica
1293 2375 1423 2425 pera
1455 2359 1550 2408 est.
1629 2356 1720 2407 sed
1758 2354 1862 2406 hoc

176 2448 239 2481 ex
276 2428 610 2482 Luciliano
651 2430 743 2482 illo
784 2434 1056 2498 sumptum
1113 2433 1194 2482 est
1231 2429 1514 2482 Mantica
1569 2429 1865 2481 cantheri

177 2506 389 2556 costas
431 2503 754 2571 grauitate
794 2504 1139 2571 premebat.
1259 2505 1360 2555 107
1405 2504 1644 2556 obiciet
1681 2520 1862 2554 nemo

296 2654 349 2692 31
383 2648 528 2691 Lucil.
562 2648 728 2703 fragm.
762 2649 841 2704 ΙΙΙ,
876 2654 943 2692 22.

300 2787 321 2824 1
354 2795 446 2824 non
477 2781 623 2824 deleui
742 2783 982 2836 prestisset
1014 2782 1076 2824 M
1165 2787 1190 2824 2
1223 2781 1320 2825 filio
1353 2795 1455 2825 nos:
1490 2782 1578 2825 Slbl
1611 2781 1674 2823 M
1758 2779 1863 2822 imi-

177 2841 303 2884 tarer
334 2857 361 2895 ς
484 2844 507 2882 7
540 2853 710 2895 magno
745 2840 807 2881 M
924 2845 949 2883 9
981 2841 1181 2884 habeam
1214 2841 1277 2883 M
1396 2846 1447 2883 11
1489 2840 1772 2895 obprobatur
1805 2838 1870 2881 M

298 2905 354 2942 14
395 2899 568 2942 oratlus
609 2899 672 2941 M
790 2904 843 2941 17
882 2900 1187 2943 renascer&ur
1221 2900 1283 2942 M
1399 2904 1452 2942 19
1499 2899 1673 2943 fastum
1705 2910 1863 2952 quosc.

182 2955 245 2999 M
333 2963 386 3001 23
435 2959 630 3013 gesserit
664 2957 727 3000 M
844 2963 899 3001 25
949 2959 1153 3013 equestri
1191 2959 1356 3002 honori
1396 2958 1460 3001 M
1576 2962 1632 3001 28
1665 2956 1866 3000 ducenta

181 3016 245 3059 M
361 3022 415 3059 31
450 3016 663 3059 canthari
696 3016 759 3058 M
876 3021 931 3059 32
963 3017 1234 3072 praemebat
1266 3017 1330 3060 M
