1939 3197
575 93 822 154 Quadrigis
855 122 910 130 —-
945 99 1228 147 Salacissimi

109 296 350 355 quadrigis
388 298 750 357 triumphalibus
800 303 828 346 S
881 311 918 360 1,

106 415 372 472 quadrigali
403 418 654 463 certamine
688 419 723 463 O
757 427 798 476 4,
825 427 865 478 3,
892 428 917 466 5

105 473 399 530 quaesiuerat
429 475 675 521 uictoriam
705 478 785 523 ΕΟ
819 486 859 537 9,
891 487 915 524 2

131 532 378 578 uictoriam
403 535 460 579 de
483 536 644 581 Raetis
660 538 915 585 Uindelicis

137 592 396 648 quaesitam
432 593 468 638 O
502 601 676 652 4,1,1

101 651 161 695 ad
209 652 485 708 qualitatem
526 655 733 711 pertinet
781 657 816 702 Ο
873 665 914 714 4,

101 770 339 825 quantitas
370 771 440 816 rei
473 773 700 819 admissae
734 775 762 819 S
799 783 838 833 1,
873 783 912 834 2,

130 834 199 873 62.
264 835 303 883 1,
337 836 377 886 3,
413 837 466 875 76

95 866 523 953 quantulocumque
554 892 591 934 E
628 898 740 949 1,1,
775 899 829 939 28

95 946 346 1002 quasillum
380 948 416 992 Ο
451 955 492 1005 3,
527 955 596 1007 12,
631 957 656 995 5

94 1007 218 1062 quod
240 1020 379 1063 pron
411 1010 488 1052 rel.
522 1010 580 1054 ab
606 1025 659 1055 eo
686 1013 811 1067 quod
836 1016 907 1058 est

126 1063 155 1108 S
190 1070 229 1121 1,
264 1071 437 1121 6,122.
502 1082 557 1112 ex
591 1083 643 1113 eo
677 1072 801 1126 quod
834 1075 906 1117 est

125 1123 229 1179 Sl,
263 1130 304 1180 3,
339 1131 407 1170 69.
459 1132 496 1183 1,
530 1133 570 1183 4,
613 1134 683 1173 56.
730 1145 903 1188 proeo

119 1184 248 1238 quod
280 1184 416 1229 estO
452 1191 490 1242 1,
525 1192 593 1242 10,
628 1194 696 1232 15
762 1196 902 1247 1,12,

121 1247 190 1286 31.
256 1248 296 1298 2,
330 1249 371 1299 3,
407 1250 460 1288 15
494 1251 535 1289 et
563 1260 694 1303 saepe

88 1302 210 1357 quod
241 1304 513 1348 coniunctio.
569 1306 903 1366 adnotandum,

119 1363 231 1404 nota
271 1362 395 1418 quod
437 1363 607 1409 dixerit
638 1366 716 1411 Eo
751 1373 798 1423 2,
833 1374 902 1412 54.

118 1419 154 1463 O
190 1425 234 1476 1,
267 1426 307 1477 9,
342 1427 380 1466 1.
433 1425 622 1468 attende
648 1428 774 1482 quod
797 1442 902 1484 pro-

115 1478 276 1524 mittat
309 1480 345 1524 O
380 1486 419 1536 1,
455 1487 524 1539 12,
558 1489 627 1527 21.
676 1486 901 1531 adnotan-

116 1538 240 1594 dum,
273 1542 386 1584 nota
417 1543 543 1597 quod
572 1544 750 1601 posuit,
784 1546 902 1591 dixit

117 1597 222 1653 82,
256 1604 295 1654 3,
330 1604 436 1654 316;
473 1607 571 1646 187.
621 1602 720 1659 82,
752 1610 794 1661 4,
829 1611 896 1651 73.

115 1656 458 1716 adnotandum,
491 1663 604 1705 nota
636 1663 760 1719 quod
794 1664 822 1708 S
857 1670 897 1722 2,

117 1721 157 1772 1,
192 1721 261 1761 16.
326 1722 365 1774 2,
399 1723 530 1775 4,14

468 1867 514 1911 R

77 1936 216 1981 Raeti
246 1938 482 1984 Uindelici
515 1941 550 1985 O
585 1942 632 1999 4,
675 1949 787 2000 1,1.
852 1953 893 2002 4,

108 2001 150 2051 4,
185 2001 224 2040 1.
287 2003 328 2054 4,
362 2003 431 2054 14,
465 2005 522 2044 34

76 2055 316 2099 rancidam
338 2060 676 2105 uetustatemE
699 2068 739 2118 2,
767 2069 806 2120 1,
833 2070 887 2108 23

72 2113 303 2192 rapientis
344 2131 390 2161 se
435 2119 628 2164 celerius
674 2099 806 2167 uitae⁷
851 2123 886 2167 O

72 2236 263 2298 recanto
298 2234 334 2278 O
371 2241 513 2293 1,16,
549 2243 594 2292 13
630 2245 685 2284 27

71 2291 361 2349 reciprocum
392 2271 429 2338 Ε
463 2301 502 2350 1,
538 2302 606 2354 17,
642 2305 698 2343 14

69 2353 200 2395 recta
225 2353 434 2400 oratione
451 2356 529 2400 ΕΟ
557 2362 721 2415 11,15.
770 2361 885 2406 haec

98 2411 229 2455 recta
258 2411 338 2456 Eo
374 2419 531 2471 11,15

68 2469 270 2515 redemit
299 2487 499 2528 poenam
541 2477 741 2533 pecunia
773 2479 802 2523 S
844 2486 883 2536 1,

67 2563 243 2631 reditus
276 2590 378 2646 agri
408 2591 447 2634 E
480 2598 600 2651 2,2,
644 2600 749 2650 177·
797 2604 880 2643 186

65 2645 317 2692 refabrices
351 2649 387 2693 Ο
421 2656 460 2707 1,
493 2657 564 2709 35,
597 2659 652 2699 38

65 2704 386 2761 refrigerantis
406 2709 441 2753 Ο
462 2715 500 2766 2,
521 2716 560 2767 5,
588 2719 626 2757 6.
672 2720 712 2771 3,
734 2721 802 2771 13,
823 2722 877 2761 10

64 2763 289 2820 regaliter
318 2766 449 2824 loqui
478 2747 520 2812 A
553 2777 608 2815 95

65 2821 135 2924 dg
177 2824 357 2882 Regulo
405 2828 654 2875 circulator
705 2833 878 2879 referat

59 2944 339 2997 regeruntur
368 2959 546 3002 poenae
579 2949 657 2994 ΕΟ
693 2956 731 3008 5,
766 2957 821 2997 87

60 3002 315 3058 regypsaui
347 3003 382 3047 Ο
419 3010 457 3062 1,
491 3011 561 3064 20,
594 3014 619 3052 3

1687 111 1793 164 387

981 233 1146 279 relatio
1178 237 1266 289 (1οί
1295 243 1461 295 ῃεεταε)
1494 241 1530 285 O
1564 248 1687 301 2,1,
1723 252 1791 292 17.

1012 290 1041 334 S
1076 298 1188 349 1,5,
1235 302 1333 340 104.
1396 300 1627 346 relatione
1666 304 1793 350 facta

1011 351 1040 395 S
1075 357 1115 408 1,
1151 358 1189 407 7,
1223 359 1292 400 27.
1354 358 1521 403 relatio
1558 375 1716 408 sensus
1752 364 1788 408 Ο

1011 416 1051 466 3,
1087 416 1156 467 16,
1179 388 1241 457 '21

980 471 1027 513 et
1056 471 1236 528 reliqua
1268 474 1297 518 S
1333 480 1371 531 1,
1413 483 1459 532 4,
1506 483 1581 534 193
1624 486 1707 526 126
1749 487 1790 528 et

1007 543 1137 587 saepe

977 588 1198 635 Remulos
1231 592 1268 635 E
1301 598 1341 648 2,
1375 599 1415 650 2,
1449 601 1533 640 209

976 651 1187 705 repertor
1218 651 1403 696 furandi
1436 655 1471 699 O
1507 662 1545 711 1,
1580 663 1647 714 10,
1667 661 1707 702 9

975 709 1226 764 repetendo
1263 711 1298 754 Ο
1335 718 1374 767 1,
1407 718 1477 770 35,
1513 721 1568 759 14

974 771 1344 833 repraesentauit
1390 787 1575 818 sensum
1616 776 1784 822 Home-

1003 825 1150 870 ricum
1185 828 1212 871 S
1247 835 1286 883 1,
1321 836 1360 886 9,
1397 838 1449 876 78

972 865 1334 951 reprehensibile
1368 893 1439 934 est
1471 892 1499 935 S
1535 898 1573 947 1,
1608 899 1648 950 2,
1681 900 1736 939 83

967 943 1195 999 requietio
1228 947 1265 989 E
1300 954 1443 1006 1,17,
1477 956 1532 995 37

967 1002 1137 1047 lassam
1164 1019 1348 1051 carnem
1373 1008 1421 1052 id
1454 1012 1524 1054 est
1554 1012 1780 1068 requie-

996 1062 1108 1106 tem
1140 1063 1168 1107 S
1202 1070 1242 1119 2,
1277 1072 1316 1122 8,
1351 1073 1373 1109 1

965 1120 1078 1166 iuris
1110 1124 1254 1168 uerbo
1289 1126 1774 1175 0011001·οΗ111111111110

997 1195 1193 1296 ἒ11111010,
1218 1185 1469 1231 rescribere
1492 1187 1773 1235 ‘restituere'

966 1299 1164 1344 residem
1182 1303 1562 1350 exercitationum
1582 1307 1618 1352 Ο
1636 1314 1674 1364 1,
1693 1314 1772 1365 8,1

964 1360 1267 1415 responderet
1296 1378 1381 1420 pro
1414 1365 1637 1412 adulteris
1665 1345 1700 1412 S
1734 1375 1773 1426 1,

962 1476 1184 1523 reuixisse
1216 1480 1252 1524 O
1288 1486 1327 1537 1,
1361 1487 1430 1540 28,
1465 1490 1489 1527 9

962 1549 1042 1580 rex
1075 1540 1283 1583 conuiuii
1311 1541 1349 1584 Ε
1385 1547 1525 1600 1,18,
1561 1549 1616 1588 10

962 1610 1109 1653 nugas
1157 1599 1204 1641 et
1249 1599 1367 1645 risus
1423 1604 1477 1659 (Ρ)
1532 1605 1771 1661 appellare

987 1655 1241 1702 uersiculos
1275 1658 1303 1702 S
1339 1666 1377 1716 1,
1413 1667 1452 1718 9,
1487 1667 1512 1705 2

957 1712 1114 1759 rixant
1145 1715 1182 1759 O
1215 1722 1254 1772 3,
1290 1724 1359 1774 21,
1394 1725 1418 1762 2

957 1774 1163 1818 roboreis
1196 1753 1369 1822 tabulis
1401 1781 1442 1821 A
1475 1785 1559 1824 399

956 1833 1240 1879 robustiores
1271 1851 1343 1881 res
1373 1838 1422 1881 id
1467 1842 1538 1883 est
1574 1841 1766 1887 bellicas

988 1891 1024 1935 O
1058 1898 1098 1947 2,
1134 1898 1203 1949 13,
1238 1900 1306 1940 26.
1369 1898 1603 1943 robustior
1632 1901 1680 1944 in
1711 1903 1764 1958 (5³)

986 1952 1202 1997 carminis
1235 1955 1402 2011 spiritu
1436 1957 1471 2000 O
1504 1964 1544 2013 4,
1578 1964 1618 2014 2,
1652 1965 1707 2004 33

950 2009 1200 2055 Romulum
1254 2017 1363 2070 post
1407 2016 1576 2061 Rostra
1621 2018 1763 2064 fuisse

981 2070 1215 2126 sepultum
1230 2072 1375 2119 Uarro
1393 2075 1508 2120 dicit
1518 2076 1597 2121 ΕΟ
1618 2083 1760 2134 16,13

948 2130 1081 2173 ructo
1114 2133 1161 2174 et
1190 2134 1348 2177 ructor
1378 2136 1418 2177 A
1450 2141 1534 2180 457

1335 2281 1366 2327 S

949 2366 1146 2411 sabbata
1176 2368 1357 2413 lunaria
1390 2371 1419 2415 S
1454 2377 1492 2427 1,
1527 2378 1566 2427 9,
1601 2379 1655 2418 69

946 2438 1030 2481 per
1062 2440 1247 2471 saccum
1280 2430 1432 2473 colata
1466 2431 1494 2474 S
1528 2437 1568 2486 2,
1602 2438 1643 2488 4,
1678 2438 1734 2478 54

946 2485 1256 2531 sacerdotales
1289 2503 1458 2533 coenae
1481 2490 1517 2534 O
1552 2467 1591 2546 1,
1624 2497 1694 2548 37,
1727 2498 1753 2537 2

945 2545 1232 2589 sacratarum
1262 2547 1339 2605 leg
1343 2564 1419 2591 um
1454 2550 1482 2593 S
1517 2556 1630 2605 2,1,
1664 2558 1716 2596 81

944 2603 1003 2645 ad
1035 2604 1259 2649 sacrificia
1297 2607 1510 2652 adhiberi
1545 2586 1753 2656 iidicines

973 2661 1093 2705 sicut
1123 2663 1339 2709 tibicines
1373 2666 1408 2710 Ο
1444 2673 1483 2724 1,
1516 2673 1586 2724 36,
1621 2674 1659 2714 1.
1710 2676 1751 2726 3,

940 2780 1113 2824 saeculi
1153 2784 1411 2838 piaesentis
1450 2800 1600 2830 mores
1645 2787 1673 2831 S
1708 2793 1749 2845 2,

969 2843 1083 2890 5,1.
1149 2841 1363 2898 0215
1410 2849 1449 2888 1.
1512 2847 1747 2902 sim.S1‚

969 2902 1112 2953 10,1.
1173 2902 1215 2943 A
1249 2877 1332 2946 202

937 2956 1210 3002 salacissimi
1239 2960 1546 3007 adolescentis
1571 2964 1649 3009 EO
1678 2970 1746 3020 12,

1300 3097 1392 3138 25*
