1939 3197
726 77 844 121 om]
877 77 955 133 IV,
991 83 1028 120 1.
1616 75 1717 126 121

490 378 820 437 ODARUM
867 379 1106 438 LIBER
1151 379 1251 437 IV.

185 525 570 578 Intermissa
622 523 839 577 Uenus
904 525 1023 577 diu.
1137 527 1262 592 post
1323 526 1724 577 consummatos

39 601 315 668 editosque
344 603 453 652 tres
488 600 784 652 carminum
815 599 981 652 libros
1006 599 1238 651 maximo
1264 599 1551 651 interuallo
1580 598 1724 651 hunc

39 677 288 743 quartum
336 674 564 727 seribere
612 673 901 742 conpulsus
950 691 1064 725 esse
1116 672 1310 724 dicitur
1350 674 1415 725 ab
1455 671 1724 742 AugustO,

39 752 101 800 ut
122 746 356 801 Neronis
397 748 635 817 priuigni
676 748 787 799 eius
821 747 1105 799 uictoriam
1130 747 1193 798 de
1218 746 1403 799 Raetis
1427 745 1721 798 Uindelicis
1747 758 1768 791 5

40 822 335 890 quaesitam
385 823 720 890 inlustraret,
769 839 902 889 quae
942 822 1000 873 in
1037 821 1140 873 hoo
1179 821 1317 873 libro
1359 839 1421 873 ea
1462 821 1560 873 ode
1601 839 1727 873 con-

37 897 300 964 tinentur,
352 915 486 965 quae
535 897 610 948 sie
649 896 840 964 incipit
887 894 1147 957 Qualem
1198 896 1564 947 ministrum
1602 895 1728 946 ful-

39 971 226 1022 minis
291 971 522 1022 alitem.
622 970 998 1022 intermissa
1059 968 1274 1022 Uenus
1339 970 1444 1021 diu
1505 987 1727 1021 rursus

39 1045 210 1097 bella
248 1063 479 1097 moues,
567 1045 625 1096 in
665 1045 937 1113 superiore
976 1042 1113 1096 libro
1156 1044 1488 1097 ostendimus
1527 1044 1729 1113 allego-

39 1119 178 1171 ricos
217 1119 359 1172 bella
398 1123 452 1171 et
489 1119 737 1170 militiam
761 1117 988 1171 Ueneris
1011 1117 1300 1170 Horatium
1331 1136 1429 1187 pro
1456 1118 1726 1171 amoribus
1753 1132 1795 1163 10

44 1193 232 1246 dicere.
367 1194 402 1245 4
443 1194 555 1246 sub
594 1211 794 1262 regno
837 1191 1124 1245 Cinarae.
1223 1211 1319 1261 per
1359 1211 1420 1244 ea
1461 1192 1730 1262 significat

43 1265 294 1320 Cinaram
342 1286 396 1320 se
445 1285 666 1319 amasse.
766 1270 820 1318 et
866 1267 969 1319 hoe
1009 1270 1189 1318 autem
1228 1266 1546 1335 allegoricos
1587 1265 1730 1334 quod

43 1342 119 1393 ait
159 1341 277 1393 esub
316 1359 485 1411 regno
527 1340 773 1394 Cinarae’
815 1342 967 1409 quasi
1008 1340 1124 1392 ‘sub
1166 1340 1438 1393 dominio'.
1539 1340 1631 1392 sed
1669 1342 1731 1391 ut

43 1415 362 1485 dignitatem
400 1416 602 1468 formae
644 1416 756 1467 eius
798 1416 1116 1484 ostenderet,
1154 1416 1399 1484 reginam
1432 1415 1533 1466 sibi
1565 1414 1730 1466 fuisse

44 1490 132 1541 ait.
285 1491 317 1542 6
359 1490 529 1541 cirea
575 1491 785 1541 lustra
833 1490 1056 1541 decem.
1156 1507 1323 1558 prope
1365 1507 1536 1541 annos
1578 1488 1731 1556 quin-
1757 1502 1798 1534 15

44 1563 303 1632 quaginta
329 1564 519 1616 aetatis
544 1564 652 1616 iam
678 1581 733 1615 se
760 1564 890 1615 dicit
914 1581 1086 1633 agere.
1166 1565 1197 1616 6
1221 1563 1490 1615 flectere
1522 1562 1731 1614 molli-

43 1638 158 1690 bus
201 1638 324 1690 iam
365 1638 601 1690 durum.
679 1632 989 1690 ἀντύθετον.
1066 1638 1318 1690 mollibus
1359 1638 1502 1689 enim
1542 1636 1732 1688 durum

46 1712 311 1779 obposuit.
409 1714 592 1765 mollia
640 1716 819 1764 autem
858 1711 1087 1764 Ueneris
1134 1713 1359 1781 imperia
1398 1711 1541 1778 dicit,
1581 1710 1733 1779 quasi

43 1786 247 1838 ludicra
295 1804 355 1838 ac
406 1787 634 1839 delicata
682 1788 812 1856 sint,
864 1804 919 1838 se
969 1790 1149 1838 autem
1200 1786 1392 1838 durum
1433 1786 1530 1854 ait,
1578 1780 1730 1853 quhsi

45 1860 152 1912 iam
191 1861 573 1913 indomabilem
612 1865 832 1930 propter
873 1864 1117 1913 aetatem.
1180 1880 1307 1913 nam
1348 1863 1401 1912 et
1431 1860 1535 1912 hoe
1558 1862 1732 1910 trans·
1758 1875 1801 1906 20

44 1934 209 1986 latiue
250 1936 443 1987 dicitur
484 1954 515 1987 a
553 1936 850 2004 pecoribuS,
890 1936 1070 2000 Quibus
1110 1954 1232 1987 cum
1254 1935 1362 1987 iam
1388 1936 1563 1986 aetate
1590 1933 1734 1984 duris

47 2009 173 2076 iuga
213 2028 274 2061 ac
311 2010 465 2061 frena
505 2010 844 2078 adhibentur,
883 2005 1186 2078 per'domari
1225 2027 1338 2061 non
1376 2009 1617 2076 possunt.

50 2081 82 2133 9
123 2084 576 2151 tempestiuius
616 2085 681 2136 in
721 2083 968 2135 domum
1000 2083 1187 2135 Pauli
1225 2081 1566 2152 purpureis
1604 2081 1735 2132 ales

49 2157 355 2208 oloribus,
452 2157 652 2210 Fabius
702 2158 970 2210 Maximus
1019 2157 1218 2209 Paulus
1273 2157 1379 2209 fuit
1430 2155 1627 2208 nobilis
1684 2158 1736 2206 et

47 2230 276 2283 disertus
316 2231 647 2301 adulescenS,
702 2233 787 2284 cui
825 2232 1070 2284 uenerios
1109 2233 1259 2284 lusus
1306 2249 1450 2283 nuno
1490 2248 1583 2282 cur
1621 2247 1732 2281 ma-
1757 2243 1802 2276 25

49 2305 186 2356 xime
236 2308 524 2359 conuenire
573 2307 736 2377 dicat,
783 2308 897 2376 ipse
939 2307 1173 2359 ostendit
1214 2305 1525 2358 subiciendo
1564 2322 1735 2355 nam-

52 2397 167 2447 que
215 2381 455 2434 nobilis
508 2385 568 2434 et
607 2383 837 2434 decens
878 2384 938 2434 et
975 2400 1088 2450 pro
1131 2380 1440 2434 sollicitis
1479 2397 1606 2431 non
1644 2381 1737 2429 ta-

174 2533 195 2571 7
233 2528 316 2571 od.
350 2535 390 2584 4,
424 2535 451 2572 4
573 2535 597 2574 9
633 2528 716 2572 Od.
750 2533 791 2584 3,
826 2533 894 2583 26,
930 2533 954 2571 2

173 2653 197 2690 2
231 2662 329 2704 pos,
362 2663 418 2692 m.
452 2651 483 2692 2
520 2649 703 2692 addidit
733 2650 768 2704 t,
803 2650 866 2692 M
1028 2652 1053 2691 5
1085 2647 1204 2690 r&11s
1236 2645 1463 2689 mdehtns
1497 2642 1560 2686 M
1715 2645 1740 2684 6

52 2721 108 2751 ea
139 2707 224 2751 ode
260 2708 437 2764 Pauly:
470 2707 582 2752 eade
618 2709 680 2750 M
799 2713 823 2751 7
857 2709 1060 2752 fluminis
1095 2707 1156 2749 M
1277 2711 1328 2748 11
1366 2715 1551 2759 cmyrae
1585 2700 1648 2743 M

53 2780 135 2823 per
189 2780 246 2810 ea
301 2766 384 2823 sig.
433 2781 538 2811 nos:
590 2769 940 2824 praesigmficat
990 2767 1053 2808 M
1094 2763 1450 2822 praemgmficat
1503 2773 1743 2817 cynairam

0 2841 1 2844 ’
52 2841 109 2870 m.
143 2831 176 2871 2
210 2827 531 2882 antiquissima
561 2829 614 2871 in
643 2840 785 2884 mary.
821 2827 1076 2882 adscripsit.
1211 2829 1264 2867 13
1298 2834 1530 2878 oynayrae
1564 2819 1627 2862 M

58 2891 110 2930 16
151 2886 401 2931 mollitiam
442 2885 606 2929 durum
640 2889 704 2931 M
882 2893 935 2932 18
975 2885 1178 2928 mollitia
1211 2883 1274 2926 M
1450 2885 1504 2923 21
1545 2893 1591 2922 a:
1625 2892 1649 2922 e
1684 2877 1748 2920 M

177 2945 344 3001 quibus
378 2960 432 2989 εει]
464 2945 572 2990 Aer.
608 2947 833 2991 additum·
954 2945 1112 2990 asans
1147 2944 1209 2986 M
1342 2946 1396 2984 23
1430 2939 1517 2984 ahs
1551 2938 1614 2981 M

56 3009 112 3048 25
145 3019 225 3048 cur
255 3006 400 3049 Acro:
433 3019 537 3049 cum
571 3007 634 3050 M
