1939 3197
136 134 208 186 64
738 136 855 181 ODE
890 138 946 193 11,
982 143 1035 181 13
1069 140 1116 183 et
1151 144 1219 183 14.

136 274 424 340 separatas
533 273 711 325 sedes
775 276 955 324 autem
1015 275 1263 342 piorum
1324 274 1543 344 Elysios
1608 292 1824 343 campos

136 345 285 414 dicit,
333 365 464 415 quos
515 351 791 415 separatos
840 348 992 399 aiunt
1043 367 1074 400 a
1114 349 1302 402 ceteris
1342 350 1474 402 locis
1514 348 1826 401 inferorum.

285 421 354 472 23
412 424 472 472 et
526 421 772 473 Aeoliis
835 421 1078 474 fidibus
1143 427 1514 492 querentem
1571 421 1826 491 Sappho

134 494 372 561 puellis
417 494 486 546 de
527 495 964 563 popularibus.
1041 496 1290 550 Aeoliis
1331 498 1597 564 fidibus,
1636 496 1826 565 inquit,

91 590 112 622 5
138 569 262 635 quia
303 566 520 636 Sappho
561 568 784 622 Aeolide
833 569 1059 623 dialecto
1107 572 1165 622 in
1212 571 1538 624 carminibus
1581 571 1689 622 suis
1730 588 1828 622 usa

137 644 232 693 est.
333 642 574 710 queritur
622 647 801 696 autem
843 642 1060 713 Sappho
1111 645 1173 697 de
1224 645 1416 714 puellis
1457 645 1664 697 ciuibus
1705 644 1829 711 suiS,

137 715 280 783 quod
310 715 536 769 Phaona
570 721 766 786 ament7
807 736 965 786 quem
996 719 1114 787 ipsa
1155 719 1413 789 diligebat
1453 737 1652 771 amens,
1755 719 1825 772 26

137 792 198 841 et
235 793 295 841 te
338 794 675 843 sonantem
713 792 969 860 plenius
1012 811 1224 862 aureo7
1264 794 1327 845 A.
1368 813 1416 862 p.
1456 803 1493 845 t.
1569 793 1826 862 plenius

135 864 314 932 inquit
369 868 727 934 sonantem,
783 867 908 935 quia
962 866 1193 919 Alcaeus
1248 867 1578 920 robustiores
1640 867 1694 919 id
1749 870 1830 919 est

72 960 113 991 10
136 937 356 991 bellicas
395 957 480 991 res
523 940 736 1009 scripsit
775 944 828 992 et
866 941 1272 1011 nauigationem
1314 960 1480 1010 suam,
1521 960 1642 993 011111
1676 960 1707 993 a
1745 943 1829 1009 ty-

135 1012 321 1064 rannis
391 1012 842 1067 Mitulenensibus
912 1016 1097 1083 pulsus
1172 1019 1266 1069 est.
1391 1033 1580 1068 aureo
1652 1018 1830 1067 autem

135 1086 387 1154 plectro
434 1091 654 1156 propter
700 1089 1021 1158 dignitatem
1069 1091 1320 1142 carminis
1363 1090 1509 1142 dixit.
1625 1089 1693 1141 29
1735 1092 1830 1141 ut-

135 1178 400 1229 rumque
450 1180 630 1214 sacro
681 1163 875 1232 digna
916 1164 1179 1218 silentio
1220 1166 1536 1217 mirantur
1573 1163 1830 1216 umbrae

139 1233 363 1287 dicere.
451 1238 787 1305 utrumque
844 1238 910 1289 ad
967 1236 1182 1306 Sappho
1239 1242 1292 1291 et
1340 1238 1599 1290 Alcaeum
1653 1237 1830 1290 refert.

73 1328 114 1361 15
288 1309 358 1360 32
400 1309 662 1362 densum
710 1312 946 1363 umeris
986 1312 1153 1364 bibit
1194 1331 1341 1365 aure
1382 1313 1614 1382 uulgus
1654 1312 1830 1363 multi-

136 1382 380 1434 tudinem
427 1384 629 1436 scilicet
675 1385 985 1438 umbrarum
1033 1386 1099 1438 ad
1149 1386 1472 1439 audiendum
1511 1386 1831 1438 conuenien-

137 1456 288 1524 tium,
326 1457 495 1509 bibit
535 1477 684 1510 aure
726 1463 905 1512 autem
947 1460 1307 1529 ‘cupidissime
1348 1459 1514 1513 audit'
1549 1460 1832 1530 significat.

251 1532 320 1583 33
364 1532 511 1599 quid
552 1534 776 1585 mirum
816 1534 923 1586 ubi
970 1535 1104 1586 illis
1157 1535 1565 1588 carminibus,
1643 1552 1831 1587 sensus

140 1607 243 1656 est:
284 1605 606 1674 mirandum,
646 1608 691 1658 si
722 1608 943 1659 umbrae
979 1608 1211 1661 libenter
1240 1610 1393 1661 illum
1431 1609 1671 1676 audiunt,
1711 1627 1832 1661 cum

73 1700 117 1731 20
143 1681 196 1730 et
235 1677 498 1732 Cerberus
547 1682 600 1731 et
650 1699 855 1751 angues
894 1681 1257 1735 Eumenidum
1306 1686 1560 1752 stupeant
1608 1683 1834 1735 admira·

141 1753 288 1805 tione
337 1755 588 1806 carminis
636 1755 817 1807 illius?
933 1757 1003 1808 34
1050 1757 1238 1810 belua
1287 1757 1633 1825 centiceps.
1711 1755 1832 1810 Ger-

139 1827 328 1879 berum
380 1828 529 1897 dicit,
581 1830 673 1897 qui
722 1832 943 1898 propter
993 1831 1393 1884 multitudinem
1443 1832 1702 1900 anguium
1742 1831 1832 1900 qui

141 1919 204 1953 ex
244 1920 306 1954 eo
349 1903 608 1972 eminent,
661 1905 929 1972 centiceps
968 1908 1112 1957 recte
1153 1906 1389 1965 dicitur.¹
1513 1906 1580 1957 37
1624 1909 1684 1957 01
1722 1904 1833 1957 Pe-

140 1976 308 2044 lopis
349 1995 580 2044 parens
615 1977 879 2030 Tantalus
913 1979 1128 2031 scilicet.
1229 1980 1297 2032 38
1338 1980 1510 2032 dulci
1548 1980 1832 2032 laborem

75 2070 117 2102 25
143 2049 463 2119 decipitur
511 2070 681 2105 sono.
761 2052 935 2105 audax
982 2053 1155 2122 figura
1204 2053 1470 2106 elaborem
1519 2052 1832 2122 decipitur’3

141 2125 260 2175 uult
316 2125 459 2176 enim
514 2126 756 2196 intellegi
813 2126 1053 2179 audienti
1107 2127 1186 2179 illi
1234 2146 1450 2180 sensum
1500 2127 1700 2179 laboris
1742 2146 1832 2180 au-

140 2197 284 2250 ferri.
399 2200 467 2251 39
509 2218 621 2252 1100
663 2205 844 2252 curat
886 2200 978 2253 Or.
1018 2202 1125 2253 iam
1167 2202 1295 2254 dicit
1335 2205 1387 2254 et
1413 2201 1667 2254 Orionem
1708 2220 1832 2254 auo-

142 2272 253 2323 cari
301 2290 331 2323 a
378 2275 609 2341 propriis
657 2275 893 2326 uenandi
940 2276 1328 2345 uoluptatibus.
1406 2277 1654 2345 agitare
1705 2293 1831 2345 ergo

144 2362 301 2414 agere
343 2364 403 2398 ac
443 2365 538 2415 pei·
578 2348 679 2400 hoc
719 2350 968 2417 persequi
1009 2350 1291 2419 significat.

76 2530 119 2563 30
836 2508 956 2552 0οΕ
990 2514 1030 2565 27
1067 2514 1133 2552 14.

293 2596 430 2649 Heu
476 2598 741 2668 fugaces
790 2599 1090 2652 Postume
1138 2600 1459 2652 labuntur.
1539 2601 1605 2652 ad
1643 2600 1833 2653 Postu-

143 2689 291 2722 mum
341 2671 441 2723 hac
494 2666 610 2743 ᾥὸῆ
661 2674 899 2741 loquitur
950 2675 1012 2726 de
1061 2675 1332 2726 celeritate
1374 2674 1634 2726 currentis
1675 2675 1837 2727 uitae.

1922 2738 1938 2800 Ξ

1924 2800 1937 2827 ι

263 2823 291 2860 4
315 2818 572 2874 populariis
599 2818 661 2861 M
752 2825 776 2863 6
803 2820 879 2863 de:
914 2834 942 2863 a
968 2821 1030 2863 M
1121 2826 1142 2863 7
1171 2820 1296 2876 quod
1321 2821 1437 2864 oden
1463 2833 1555 2863 non
1581 2821 1738 2863 ament
1759 2821 1835 2871 (ex
1921 2833 1937 2878 23

147 2878 307 2919 amant
340 2881 476 2932 corr.)
509 2878 572 2921 M
675 2882 700 2921 8
735 2892 847 2922 auro
874 2880 937 2922 M
1040 2885 1064 2923 9
1097 2879 1381 2923 robustiores
1407 2879 1654 2935 Surinyar,
1685 2880 1835 2923 scholl.

139 2948 189 2989 p.
224 2938 342 2980 138:
374 2937 609 2980 robustior
641 2938 712 2980 est
745 2938 809 2980 M
936 2944 989 2981 17
1024 2938 1312 2995 cupidissimi
1347 2939 1410 2981 M
1533 2943 1588 2982 20
1621 2950 1834 2982 ceruerus
1922 2935 1937 2951 ³

148 2993 212 3036 M
300 2994 659 3040 admirationem
692 2997 755 3039 M
844 3001 899 3040 25
931 2997 1086 3054 figura
1120 2997 1279 3041 labore
1314 2998 1377 3040 M
1473 3002 1529 3041 26
1560 2997 1653 3040 illis
1689 2997 1751 3039 M

147 3057 203 3095 27
237 3055 369 3097 curat
402 3054 555 3098 Orion.
590 3055 733 3099 dicit?
864 3061 917 3100 31
952 3056 1163 3113 fugaces:
1196 3056 1226 3101 f.
1263 3058 1325 3099 M
1451 3060 1506 3099 32
1540 3057 1743 3102 curantis
1779 3056 1840 3099 M
1906 3050 1939 3197 i
