1939 3197
766 77 885 122 oin:
919 79 1006 135 iii,
1040 83 1078 123 7.
1691 80 1758 133 91

73 214 333 283 ignibus
375 213 490 265 uri,
565 212 696 264 tuis
744 213 1029 281 ignibus:
1087 214 1279 282 quibus
1319 217 1379 266 tu
1418 214 1536 282 ipsa
1575 217 1759 286 ureris,

77 288 131 340 id
172 291 266 355 est,
305 286 486 338 mariti
524 286 604 337 tui
645 303 840 338 amore.
943 288 1009 339 12
1048 290 1328 356 temptat
1365 288 1539 339 mille
1579 290 1758 342 uafer

75 361 290 413 modiS.
354 359 505 411 uafer
551 360 774 412 nuntius
821 361 875 412 id
923 364 1004 412 est
1044 361 1265 414 callidus
1308 361 1374 413 ad
1415 361 1760 415 suadendum.

226 433 293 485 13
360 435 428 484 ut
477 433 776 486 Proetum
834 435 1062 487 mulier
1112 435 1363 503 perfida
1414 435 1757 488 credulum.

75 506 441 559 Stheneboian
497 507 766 576 significat
810 507 992 560 Proeti
1046 527 1288 577 uxorem,
1345 527 1478 577 quae
1525 508 1758 563 Bellero-
1785 531 1805 563 5

73 581 333 650 phontem
385 581 656 649 hospitem
703 582 906 634 amauit
953 585 1006 634 et
1043 601 1156 636 non
1196 584 1622 635 consentientem
1661 584 1763 636 sibi

74 655 374 706 adulterum
415 655 697 707 criminata
730 659 823 708 est.
951 657 1016 708 16
1057 659 1376 708 maturare
1415 675 1629 710 necem
1669 676 1762 710 re-

72 728 223 780 fert:
263 729 419 793 refert
454 729 677 781 nuntius
719 729 920 782 scilicet
944 728 1087 799 Gygi
1125 730 1423 799 historiam,
1463 749 1568 799 qua
1591 730 1762 784 Belle-

71 802 367 870 rophontes
430 803 763 872 periclitatus
824 804 1146 872 ostenditur,
1209 804 1351 873 quod
1404 805 1650 872 hospitae
1704 806 1764 857 in

77 893 256 928 amore
296 893 409 928 non
449 877 791 946 consentiret,
831 880 891 928 ut
928 896 1024 946 per
1063 879 1365 946 exemplum
1402 881 1604 931 terreat
1628 897 1765 948 eum,
1789 900 1830 933 ιο

72 968 140 1002 ne
187 949 329 1001 idem
381 953 434 1001 et
483 950 596 1018 ipse
651 951 902 1018 patiatur.
1037 952 1103 1004 18
1158 951 1563 1021 Magnessam
1608 951 1763 1022 Hip-

71 1024 340 1092 polyten
395 1023 536 1075 dum
597 1023 768 1094 fugit
831 1025 1183 1078 abstinens.
1267 1026 1400 1078 haec
1464 1029 1566 1095 est,
1629 1045 1764 1095 quae

72 1101 243 1165 nupta
303 1097 467 1149 fuisse
521 1097 777 1167 Eurypyo
842 1099 1087 1152 traditur.
1247 1101 1312 1151 19
1378 1103 1442 1152 et
1499 1118 1762 1169 peccare

75 1171 368 1223 docentis
418 1172 620 1223 fallax
669 1172 982 1224 historias
1031 1177 1259 1225 monet.
1337 1174 1762 1227 subaudiendum

77 1244 349 1312 ‘et·alias',
390 1245 514 1313 quia
555 1249 608 1297 et
645 1246 761 1313 hae,
802 1264 933 1314 quas
976 1265 1134 1315 super
1172 1247 1371 1316 retulit,
1413 1248 1606 1300 docent
1643 1266 1763 1317 pec·
1787 1269 1828 1302 15

78 1336 211 1370 care.
340 1319 409 1370 21
479 1320 763 1387 scopulis
821 1320 1077 1373 surdior
1128 1320 1312 1373 Icari.
1411 1321 1580 1373 Icari
1635 1340 1763 1375 sco-

74 1393 214 1460 puli
268 1410 365 1460 pro
417 1391 576 1444 Icarii
629 1394 791 1445 maris
845 1394 1099 1463 scopUIiS,
1155 1395 1246 1447 sed
1293 1395 1392 1447 lios
1432 1414 1529 1463 pro
1571 1394 1767 1464 quibus

76 1466 207 1517 libet
245 1466 441 1533 posuit.
543 1467 688 1518 surdi
729 1470 909 1519 autem
949 1469 1153 1536 scopuli
1192 1469 1620 1537 periclitantibus
1662 1469 1764 1522 dici

77 1539 274 1602 solent,
323 1539 465 1607 quod
514 1540 666 1608 quasi
715 1559 897 1609 preces
946 1560 1130 1594 eorum
1176 1560 1288 1595 non
1335 1543 1638 1596 exaudiant.

76 1612 147 1666 25
218 1614 506 1681 quamuis
561 1632 689 1666 non
744 1616 913 1667 alius
968 1616 1237 1668 flectere
1287 1635 1511 1685 equum
1551 1618 1759 1670 sciens
1783 1637 1826 1669 20

77 1689 130 1738 et
182 1687 401 1755 reliqua.
477 1690 667 1740 notum
731 1692 811 1741 est
864 1690 1200 1742 iuuentutem
1255 1690 1560 1743 Romanam
1623 1692 1764 1760 apud

75 1763 282 1813 ueteres
331 1764 384 1812 et
431 1762 776 1814 exercitatam
822 1763 879 1815 in
927 1782 1113 1833 campo
1154 1764 1352 1817 Martio
1402 1768 1455 1817 et
1500 1769 1624 1834 post
1661 1765 1765 1818 hoc

77 1835 386 1887 exercitium
440 1838 628 1888 natare
685 1837 899 1889 solitam
953 1838 1118 1890 fuisse
1173 1840 1231 1891 in
1282 1838 1485 1906 Tiberi,
1537 1840 1662 1908 quia
1712 1843 1766 1892 et

75 1909 268 1977 peritia
322 1909 489 1961 nandi
539 1910 697 1962 rebus
752 1911 1074 1964 militaribus
1127 1913 1197 1964 sit
1242 1913 1558 1965 necessaria.
1637 1913 1766 1966 dicit

81 2000 208 2052 ergo
248 1981 518 2050 Enipeum
557 2002 669 2036 non
709 1985 899 2037 debere
940 1987 1148 2054 puellae
1187 1987 1313 2039 huic
1352 1988 1585 2055 placere,
1637 1987 1764 2039 licet
1786 2004 1829 2037 25

79 2056 309 2124 gloriose
363 2057 421 2107 in
475 2058 725 2110 exercitio
789 2059 929 2110 inter
985 2060 1232 2128 aequales
1287 2062 1543 2112 uersetur.
1695 2060 1766 2113 29

77 2130 281 2197 prima
319 2133 505 2182 nocte
548 2131 795 2183 domum
836 2133 1059 2185 claude
1107 2151 1308 2202 neque
1361 2134 1426 2185 in
1472 2134 1611 2186 uias
1651 2135 1766 2187 sub

80 2205 271 2254 cantu
313 2205 619 2271 querulae
662 2205 917 2273 despice
950 2206 1168 2259 tibiae.
1222 2208 1375 2276 belle,
1408 2209 1560 2276 quasi
1586 2206 1768 2277 Gyges

79 2277 386 2345 uesper-tino
434 2280 675 2347 tempore
723 2279 791 2331 ad
836 2280 1130 2332 fenestram
1175 2281 1416 2334 Asteries
1463 2282 1766 2334 tibicinium

80 2350 330 2403 adhibere
385 2352 578 2421 soleat,
633 2356 693 2404 ut
746 2354 839 2405 illa
894 2355 1186 2424 cupiditate
1241 2355 1492 2408 audiendi
1545 2375 1642 2424 per
1690 2356 1764 2408 fe·
1788 2375 1831 2408 30

200 2589 224 2627 2
257 2585 326 2628 id:
361 2587 419 2628 ad
453 2587 515 2628 M
633 2592 658 2630 5
691 2587 963 2631 sthenebian
998 2589 1061 2631 M
1163 2589 1519 2634 bell'erofontem
1561 2590 1623 2632 M
1740 2594 1764 2633 7

79 2643 134 2685 ut
165 2643 428 2687 adulterum
461 2660 489 2699 ς
639 2651 664 2689 8
702 2646 844 2690 refert
890 2648 1054 2691 addidi
1217 2649 1546 2692 bellerofontes
1595 2649 1658 2690 M

85 2707 138 2745 10
172 2716 376 2746 amorem
410 2705 471 2746 M
568 2707 916 2750 consentiretur.
971 2721 1054 2762 per
1086 2721 1230 2751 exem.
1268 2709 1330 2750 M
1435 2713 1486 2750 11
1521 2707 1765 2763 hyppolite

83 2797 91 2805 .
129 2796 136 2803 .
172 2762 414 2806 absumens
463 2763 525 2805 M
659 2770 712 2808 13
746 2765 983 2822 Eurypylo
1018 2781 1046 2821 ς
1180 2772 1235 2810 14
1265 2767 1496 2822 hystorias
1530 2766 1592 2808 M
1711 2770 1764 2810 15

82 2834 220 2876 supra
246 2836 274 2875 ς
397 2826 448 2864 17
474 2835 557 2876 pro
588 2821 749 2877 hicaru
783 2825 845 2866 M
962 2830 1018 2868 32
1050 2825 1238 2869 tiberim
1268 2826 1331 2868 M
1449 2830 1504 2869 26
1537 2824 1765 2881 gloriosae

81 2883 121 2922 et
151 2881 391 2923 uersaetur
424 2881 487 2923 M
614 2887 669 2926 28
701 2882 860 2938 tybiae
896 2883 958 2926 M
1089 2885 1211 2928 uelle
1246 2885 1310 2927 M
1436 2888 1491 2927 29
1523 2885 1764 2940 temporae

83 2938 147 2980 M
288 2952 417 2995 giges
450 2939 513 2982 M
539 2939 741 2997 Enipeus
775 2942 945 2997 Porph.
979 2944 1170 2987 scribere
1201 2944 1354 2987 debuit
1503 2942 1765 2987 tibicinium

80 3010 184 3040 nos:
215 2998 461 3041 tibicinum
495 2999 566 3054 M,
599 2999 838 3044 tibicinem
871 3016 899 3055 ς
