1939 3197
658 415 1167 484 PRAEFATI
1185 416 1256 484 Ο.

269 688 661 758 Porphyrionis
733 686 1146 741 commentarios
1210 689 1267 740 in
1326 688 1617 741 Horatium
1687 707 1808 741 con-

119 763 314 815 iunctis
366 762 765 816 commentariis
805 762 1035 814 Acronis
1084 763 1295 814 saeculo
1335 761 1439 814 XV
1491 765 1714 815 exeunte
1756 765 1810 815 et

118 835 249 889 XVI
295 838 514 889 ineunte
563 855 721 904 saepe
777 835 948 888 editos
996 836 1274 888 ediderunt
1318 835 1595 889 Fabricius
1641 836 1808 889 Basil.

122 910 280 979 1555,
319 910 640 963 Braunhard
664 909 807 978 Lips.
837 910 994 978 1833,
1032 908 1203 978 Pauly
1229 910 1434 980 Pragae
1479 911 1635 980 1858,
1660 909 1808 962 Hau-

117 984 235 1036 thal
274 984 450 1037 Berol.
494 985 797 1036 1864—66.
859 985 920 1035 ut
958 983 1351 1052 Porphyrionis
1393 984 1807 1037 commentarios

119 1058 328 1110 ederem
369 1058 654 1125 seiunctOS‚
696 1058 954 1109 adductus
997 1077 1116 1109 sum
1154 1058 1239 1109 his
1281 1058 1470 1111 causis,

266 1131 332 1184 In
369 1131 554 1184 multis
595 1131 866 1184 codicibus
907 1132 1203 1184 carminum
1240 1131 1459 1184 Horatii
1499 1132 1808 1201 antiquissi-

117 1206 219 1259 mis
259 1206 400 1258 inter
439 1224 624 1257 uersus
666 1209 720 1257 et
757 1206 815 1257 in
852 1206 1189 1275 marginibus
1229 1206 1430 1274 scripta
1455 1209 1581 1258 sunt
1606 1206 1810 1259 scholia

119 1280 312 1347 ampla.
396 1280 529 1331 haec
576 1280 634 1330 in
684 1279 804 1331 aliis
853 1279 1123 1331 codicibus
1172 1280 1406 1332 formata
1461 1283 1585 1332 sunt
1640 1280 1808 1343 aliter,

120 1352 200 1405 ita
253 1356 314 1404 ut
369 1352 584 1405 scholiis
641 1353 738 1404 sub
792 1353 1007 1405 nomine
1053 1352 1284 1406 Acrom's
1340 1356 1433 1405 aut
1488 1373 1519 1406 a
1574 1352 1808 1422 Cruquio

120 1426 277 1478 editis
317 1426 700 1478 nonnullorum
741 1426 981 1479 codicum
1022 1427 1226 1479 scholia
1265 1431 1575 1496 consonent,
1613 1428 1808 1479 multo-

116 1518 237 1552 rum
277 1499 592 1567 discrepent.
655 1499 882 1552 Acronis
923 1518 1119 1552 nomen
1160 1519 1280 1553 cum
1317 1519 1384 1553 ne
1424 1520 1560 1553 unus
1595 1501 1809 1570 quidem

117 1573 284 1626 codex
316 1574 566 1642 antiquus
606 1573 926 1641 inscriptum
956 1574 1241 1642 praeferat,
1282 1578 1507 1645 apparet
1540 1593 1604 1627 ex
1627 1575 1808 1628 uerbis

120 1647 227 1699 illis
267 1647 412 1699 uitae
444 1646 661 1700 Horatii
701 1647 1068 1699 ‘commentati
1112 1649 1168 1700 in
1206 1649 1359 1700 illum
1401 1651 1527 1701 sunt
1565 1649 1808 1717 Porphy-

116 1721 238 1773 rion
290 1720 570 1773 Modestus
627 1723 680 1772 et
733 1720 991 1774 Helenius
1047 1721 1231 1775 Acron
1293 1723 1540 1775 omnibus
1596 1722 1808 1775 melius'

118 1797 343 1847 exeunte
383 1794 557 1847 medio
608 1813 739 1847 aeuo
782 1796 848 1847 ab
891 1795 1046 1848 docto
1087 1797 1319 1864 quodam
1358 1797 1574 1849 homine
1611 1814 1810 1849 nomen

115 1868 250 1921 illud
296 1869 623 1921 translatum
676 1887 807 1921 esse.
885 1870 994 1921 iam
1045 1870 1090 1921 si
1136 1888 1246 1922 non
1295 1871 1538 1923 codicum
1579 1871 1807 1923 auctori-

115 1945 287 1994 tatem
328 1942 420 1994 sed
460 1943 666 1995 scholia
704 1943 825 2010 ipsa
866 1944 1178 2013 excusseriS,
1216 1945 1495 1996 literatum
1532 1944 1808 1997 hominem

115 2016 277 2068 tertio
321 2017 530 2069 saeculo
562 2018 690 2084 post
717 2015 992 2069 Christum
1016 2018 1149 2069 haec
1175 2018 1544 2086 composuisse
1567 2018 1807 2087 negabis,

115 2089 358 2142 redolent
382 2089 684 2142 doctrinam
709 2109 770 2142 ac
795 2091 1134 2158 disciplinam
1158 2094 1463 2159 temporum
1479 2091 1807 2144 inferiorum.

119 2163 332 2214 saeculo
385 2166 555 2215 sexto
583 2164 672 2214 uel
726 2163 954 2232 septimo
996 2165 1211 2232 quidam
1250 2166 1422 2217 multa
1461 2184 1525 2218 ex
1563 2165 1808 2234 Porphy-

116 2236 285 2288 rionis
334 2237 733 2289 commentariis
783 2239 1069 2306 excerpsit,
1115 2257 1226 2291 non
1272 2239 1421 2291 nulla
1461 2258 1524 2292 ex
1564 2240 1807 2309 aliorum,

118 2309 332 2361 affinxit
356 2310 507 2362 alia
493 2329 623 2378 ipse.
679 2311 821 2378 quod
862 2330 1023 2380 quam
1060 2330 1171 2365 non
1211 2313 1481 2381 sapienter
1521 2316 1614 2366 aut
1652 2314 1806 2367 docte

117 2384 428 2452 confecerit,
474 2384 630 2436 facile
679 2386 898 2454 cognitu
946 2389 1030 2438 est
1077 2386 1123 2438 si
1168 2387 1405 2455 inquiras
1454 2389 1508 2439 et
1555 2406 1690 2457 quae
1742 2406 1807 2440 ex

114 2456 486 2526 Porphyrione
531 2476 643 2510 non
690 2460 1014 2543 excerpserit
1062 2463 1115 2512 et
1162 2463 1412 2529 excerpta
1452 2480 1557 2530 qua
1595 2461 1806 2513 ratione

115 2531 497 2583 immutauerit.
560 2532 765 2585 scholia
789 2534 878 2601 qui
915 2533 1291 2587 describebant
1330 2537 1384 2587 et
1421 2535 1528 2604 ipsi
1565 2553 1664 2604 pro
1707 2553 1804 2589 suo

116 2604 333 2672 ingenio
374 2606 720 2658 exornabant.
784 2607 859 2659 sic
899 2607 1197 2675 compluria
1232 2627 1461 2676 corpora
1485 2609 1808 2662 exstiterunt

117 2678 270 2729 uaria
311 2680 470 2747 atque
509 2682 623 2731 tam
653 2680 959 2733 inordinata
982 2684 1259 2751 uastaque⁷
1297 2686 1359 2734 ut
1383 2683 1589 2735 edituro
1616 2701 1805 2735 cauen-

117 2751 242 2802 dum
291 2751 381 2819 sit,
428 2770 494 2804 ne
539 2753 732 2821 perdat
779 2757 832 2805 et
883 2773 1100 2822 operam
1149 2759 1202 2807 et
1249 2756 1513 2824 chartam,
1565 2758 1619 2808 et
1661 2756 1806 2809 haud

118 2825 227 2876 scio
278 2843 347 2876 an
393 2826 675 2878 consilium
723 2826 943 2895 Gruquii
992 2829 1275 2882 confiantis
1325 2832 1803 2883 commentatorem

116 2899 268 2950 illum
307 2899 587 2967 antiquum
623 2919 737 2953 non
775 2901 937 2953 fuerit
975 2902 1232 2970 ineptum.

261 2970 389 3024 Non
432 2973 511 3025 ita
559 2992 644 3026 res
694 2993 750 3026 se
795 2975 963 3027 habet
1010 2976 1073 3028 de
1121 2978 1520 3030 commentariis
1559 2976 1803 3046 Porphy-

115 3045 298 3098 rionis,
399 3046 563 3100 codex
611 3047 952 3101 Monacensis
1017 3051 1227 3102 saeculo
1281 3049 1332 3102 X
1394 3053 1448 3103 et
1502 3052 1803 3119 complures
