1939 3197
647 66 767 113 ODE
802 66 880 123 IV,
915 70 967 109 11
1002 66 1050 109 et
1083 69 1152 108 12.
1661 62 1764 114 137

77 209 229 259 tuae
293 205 489 258 sortis
552 203 848 255 iuuenem
910 201 1141 269 puella.
1240 199 1307 251 ad
1368 198 1643 250 mulierem
1693 199 1769 251 lo-

80 280 284 348 quitur,
338 279 488 332 cuius
543 294 740 329 nomen
794 293 906 328 non
954 274 1202 327 ostendit.
1281 272 1551 342 significat
1590 275 1768 324 autem

76 354 245 405 amari
270 354 337 405 ab
376 353 479 404 hac
505 350 801 419 Telephum
832 367 1080 417 puerum,
1127 365 1285 416 quem
1323 347 1430 398 iam
1471 346 1575 398 alia
1616 364 1766 398 occu—

74 430 315 495 pauerat.
392 444 520 478 non
581 428 728 476 tuae
792 423 1011 476 sortis:
1072 440 1184 474 non
1242 424 1367 472 tuae
1430 419 1769 489 conditioniS‚

78 519 192 553 non
230 505 353 552 tuae
393 498 793 552 mediocritatis,
908 497 977 548 23
1032 498 1337 564 tenetque
1388 497 1573 564 grata
1620 512 1812 546 con-5

75 574 239 643 pede
294 574 595 626 uinctum.
673 572 808 624 belle
861 570 1048 639 ³grata
1094 568 1356 637 conpede'
1409 569 1605 621 amoris
1652 569 1767 620 uin-

17 693 19 695 .
84 649 264 700 culum
282 649 371 700 ait.
478 648 548 700 525
581 649 783 698 terret
816 645 1141 696 ambustus
1172 643 1508 695 Phaethon
1540 660 1766 695 auaras

70 739 239 790 ,spesi
315 740 382 773 ne
436 721 562 790 quid
618 720 771 772 auide
824 722 876 770 et
924 736 1086 786 supra
1125 717 1483 769 conditionem
1524 719 1768 769 nostram

83 795 332 864 adpetere
374 813 648 861 conemur,
693 792 1050 844 Phaethontis
1092 794 1144 842 et
1175 790 1608 858 Bellerophontis
1648 808 1768 858 pro-

76 872 356 937 ponuntur
395 869 650 937 exempla.
764 867 832 918 29
891 884 1136 934 semper
1189 867 1259 916 ut
1311 867 1371 916 te
1428 864 1620 933 digna
1675 882 1767 915 se·
1792 882 1834 914 10

73 961 269 1011 quare
326 946 385 995 et
435 943 608 994 ultra
663 960 846 1010 quam
901 941 1055 991 licet
1111 956 1367 1007 sperare
1423 938 1606 990 nefas
1653 957 1764 1006 pu-

73 1017 270 1069 tando
335 1017 658 1085 disparem
719 1016 904 1066 uites,
1020 1013 1253 1064 difficilis
1316 1012 1478 1064 dictio
1540 1012 1766 1080 phrasis.

67 1093 259 1142 monet
300 1093 502 1143 autem:
566 1090 832 1158 disparem
872 1088 1008 1139 uites
1021 1130 1034 1155 ,
1080 1090 1142 1139 ut
1178 1086 1352 1155 possis
1392 1089 1444 1138 te
1485 1086 1650 1155 digna
1689 1104 1765 1138 se-

75 1165 168 1233 qui
201 1167 253 1216 et
277 1165 430 1216 nefas
461 1164 659 1216 habere
691 1164 748 1214 in
782 1181 931 1231 spem
962 1161 1160 1214 referre
1191 1162 1312 1229 plus
1346 1178 1507 1229 quam
1540 1162 1767 1227 oportet.

164 1239 255 1290 '31
292 1256 405 1307 age
453 1239 575 1289 iam
607 1255 886 1290 meorum
917 1235 1073 1287 finis
1109 1252 1409 1302 amorum,
1442 1251 1567 1286 non
1601 1233 1764 1285 enim
1789 1249 1831 1283 15

77 1312 346 1380 posthac
403 1312 529 1364 alia
585 1311 806 1363 calebo
862 1310 1122 1377 femina,
1177 1309 1475 1361 condisce
1530 1307 1763 1360 modos,

72 1403 242 1452 quare
282 1386 444 1437 finem
485 1403 726 1437 amorum
767 1402 983 1436 suorum
1021 1383 1162 1435 hanc
1195 1382 1401 1449 dixerit,
1439 1382 1554 1450 ipse
1587 1384 1764 1433 osten-

75 1458 169 1510 dit.
249 1460 378 1512 ordo
413 1463 494 1511 est
526 1462 727 1511 autem:
768 1475 883 1527 age,
921 1458 1044 1525 iam,
1082 1474 1321 1509 meorum
1353 1456 1473 1507 finis
1507 1473 1764 1525 amorum,

71 1533 317 1585 condisce
356 1532 561 1585 modos,

766 1603 883 1646 ODE
918 1607 958 1658 4,
996 1608 1063 1646 12.
1784 1621 1827 1653 20

183 1695 314 1747 Iam
381 1695 551 1747 ueris
619 1695 886 1747 comites
966 1711 1124 1762 quae
1178 1710 1346 1744 mare
1400 1694 1763 1760 temperant

72 1769 400 1837 inpellunt
461 1770 705 1821 animae
769 1768 975 1819 lintea
1037 1767 1363 1818 Thraciae.
1463 1765 1762 1834 Uergilium

73 1842 396 1912 adloquitur.
494 1843 689 1895 iterum
759 1845 938 1894 autem
1006 1841 1147 1893 ueris
1215 1843 1427 1909 tempus
1499 1839 1762 1891 describit.

72 1919 311 1969 ceterum
367 1918 573 1969 animas
628 1935 725 1986 pro
776 1916 992 1967 flatibus
1045 1918 1329 1966 uentorum
1390 1915 1550 1965 dicere
1598 1913 1762 1964 usita-

70 1990 344 2043 tissimum
407 1995 488 2043 est
549 1992 738 2060 poetis.
862 1989 937 2041 sic
999 1989 1224 2056 denique
1286 1986 1617 2055 Uergilius
1688 1986 1763 2038 ait
1786 2002 1829 2036 25

75 2063 398 2125 Quantum
437 2066 618 2133 ignes
660 2064 1036 2130 animaeque
1076 2063 1314 2113 ualent.
1415 2061 1447 2112 3
1488 2061 1611 2112 iam
1648 2078 1762 2113 nec

71 2141 259 2205 prata
311 2138 527 2206 rigent
575 2157 688 2189 nec
739 2137 933 2188 fluuii
973 2138 1269 2204 strepunt
1307 2134 1576 2185 hiberna
1614 2134 1762 2186 niue

70 2211 338 2280 turgidi.
430 2211 593 2281 adqui
645 2212 785 2263 ueris
839 2214 1079 2278 tempore
1133 2209 1484 2261 intumescere
1540 2208 1762 2260 fiumina

70 2285 361 2354 incipiunt:
402 2286 508 2337 nisi
546 2288 580 2351 ἦ·
620 2285 873 2338 calalenis
908 2284 1150 2336 adultum
1202 2284 1310 2335 iam
1361 2282 1501 2334 ueris
1551 2285 1761 2350 tempus

70 2360 190 2411 uult
228 2360 486 2429 intellegi,
528 2361 784 2429 quoniam
824 2359 916 2410 nix
957 2358 1130 2410 omnis
1171 2358 1352 2426 elapsa
1385 2359 1478 2409 est.
1592 2356 1626 2409 5
1664 2356 1758 2407 ni·
1782 2371 1826 2404 30

71 2432 215 2485 dum
291 2435 477 2501 ponit
563 2433 713 2503 Ityn
796 2432 1120 2484 flebiliter
1207 2448 1464 2500 gemens
1530 2430 1762 2483 infelix

70 2507 226 2559 auis,
302 2507 547 2560 Procnen
587 2526 647 2560 ac
686 2526 782 2576 per
819 2506 921 2559 hoc
960 2506 1303 2557 hirundinem
1345 2504 1627 2574 significat.

189 2643 244 2681 26
276 2639 389 2682 Aen.
423 2644 463 2693 8,
498 2643 582 2682 403

189 2762 215 2800 3
248 2756 441 2800 telesum
474 2756 537 2799 M
677 2762 701 2800 6
742 2756 864 2800 116116
899 2756 962 2799 M
1100 2755 1282 2811 gratam
1316 2752 1570 2809 conpedem
1605 2751 1760 2808 Pauly

193 2821 216 2860 7
250 2815 413 2874 fethon
446 2816 508 2859 M
611 2822 636 2860 9
685 2815 925 2859 fa&h0nt1s
958 2815 995 2859 δε
1026 2815 1223 2858 belleros
1254 2812 1396 2856 fontis
1430 2812 1493 2854 M
1583 2816 1633 2854 11
1674 2826 1758 2866 pu-

69 2875 233 2918 tando:
271 2874 463 2918 dicendo
499 2875 561 2917 M
680 2881 732 2919 12
772 2875 908 2918 frasrs
943 2874 1006 2917 M
1125 2879 1176 2917 13
1217 2871 1367 2927 possis
1398 2872 1445 2914 te
1477 2883 1580 2914 nos:
1611 2870 1760 2925 possit

75 2947 123 2977 se
157 2934 216 2977 M
336 2939 390 2977 22
424 2933 626 2977 animae:
659 2948 816 2977 carina
849 2935 910 2978 M
998 2938 1054 2976 24
1086 2933 1237 2976 dicere
1271 2930 1434 2974 addidi
1524 2935 1580 2973 30
1613 2943 1757 2985 quon-

75 2991 171 3036 iam
202 3019 256 3025 —
291 2995 362 3037 est
390 3006 426 3037 s.
459 2993 486 3037 l.
518 3007 574 3036 m.
607 2997 648 3038 1.
681 2994 733 3037 in
767 2994 829 3036 M
947 2998 1001 3036 31
1035 2991 1253 3036 fleuiliter
1285 2989 1348 3031 M
