1939 3197
143 135 214 187 60
752 134 871 178 0οΕ
903 135 959 190 11,
996 140 1049 179 10
1082 136 1131 178 et
1164 140 1232 180 11.

140 271 390 340 periculis
439 288 553 323 esse
603 271 855 323 subiecta.
1018 270 1082 322 11
1136 270 1509 339 feriuntque
1559 289 1834 325 summos

140 347 176 397 f.
224 365 290 398 m.
394 349 446 397 et
491 345 580 396 hic
627 347 680 396 et
725 345 782 396 in
838 344 1110 412 superiore
1166 345 1420 413 saepius
1467 363 1562 413 per
1608 363 1833 415 zeugma

142 420 525 488 accipiendum,
563 421 624 470 ut
664 419 734 470 sit
774 417 1004 486 ‘saepius
1029 417 1266 471 feriunt’.
1370 419 1436 471 13
1478 421 1700 487 sperat
1737 419 1831 471 in-

140 494 330 546 festis
371 513 439 545 m.
482 511 519 544 3.
560 511 604 544 a.
647 511 685 544 3.
764 493 854 561 qui
893 493 1185 560 prudenter
1224 492 1379 561 sapit,
1420 495 1472 545 et
1510 493 1569 544 in
1593 493 1833 546 aduersis

96 585 116 617 5
141 568 364 620 meliora
420 569 600 634 sperat
654 570 707 618 et
766 585 886 618 cum
940 567 1210 635 prosperis
1263 567 1423 619 rebus
1481 567 1653 619 utitur
1708 585 1832 619 con-

139 642 307 693 traria
353 641 458 693 illis
506 640 561 692 id
602 643 683 692 est
722 641 949 693 aduersa
988 641 1194 693 metuit.
1350 641 1416 692 13
1463 641 1692 692 metuit
1739 659 1832 692 se-

141 715 364 767 cundis
407 716 676 767 alteram
717 733 755 768 s,
809 715 864 765 id
890 718 993 766 est:
1036 714 1362 767 contrariam
1388 714 1650 783 secundis,
1691 714 1833 782 quod

141 793 222 841 est
247 790 544 842 aduersam.
650 788 718 841 15
751 789 1050 841 informis
1082 789 1322 840 hiemes
1355 807 1395 841 r.
1419 788 1460 840 I.
1485 789 1516 839 i.
1580 806 1675 857 per
1699 788 1832 840 haec

141 866 193 915 et
246 864 390 915 uices
446 881 560 915 esse
615 863 882 916 bonarum
935 864 1305 931 malarumque
1366 881 1544 914 rerum
1605 863 1834 931 probare

74 956 115 987 10
139 938 270 992 uult.
427 938 491 989 17
546 955 675 990 non
728 938 778 989 si
829 939 988 990 male
1040 955 1206 990 nunc
1259 940 1320 988 et
1367 937 1516 989 olim
1566 938 1655 988 sic
1696 937 1833 989 erit.

141 1012 289 1064 olim
327 1030 469 1063 nunc
508 1011 680 1063 futuri
718 1012 979 1079 temporis
1022 1015 1115 1063 est.
1272 1012 1338 1063 18
1389 1011 1704 1079 quondam
1743 1010 1833 1062 1110

140 1084 447 1137 ‘interdum’
490 1089 584 1137 aut
624 1085 752 1138 ‘non
790 1085 1104 1155 numquam'
1147 1085 1430 1155 significat.
1531 1085 1600 1136 21
1641 1084 1833 1136 rebus

140 1160 436 1229 angustis
508 1160 831 1213 animosus
895 1164 1083 1228 atque
1145 1160 1180 1212 f.
1245 1179 1288 1212 a.
1402 1159 1505 1210 hac
1575 1159 1835 1228 allegoria

137 1233 422 1301 praecipit,
467 1251 567 1285 nec
605 1234 662 1285 in
702 1234 940 1285 aduersis
980 1235 1138 1286 rebus
1179 1233 1569 1302 desperandum
1610 1251 1740 1302 esse7
1780 1235 1836 1284 et

71 1324 113 1357 15
140 1307 386 1359 secundis
426 1325 536 1359 non
577 1307 737 1359 nimis
780 1308 1169 1360 confidendum.

838 1468 957 1512 ODE
994 1472 1034 1522 2,
1071 1473 1139 1511 11.

289 1557 450 1619 Quid
488 1558 840 1610 bellicosus
883 1557 1204 1611 Cantaber
1253 1561 1314 1610 et
1356 1556 1625 1626 Scythes
1663 1557 1731 1610 H.
1773 1557 1833 1620 Q.

138 1632 383 1701 cogitet
429 1632 629 1683 Adria
679 1632 726 1683 d.
774 1651 819 1685 o.
916 1634 992 1698 [et
1045 1632 1155 1698 hic]
1214 1631 1492 1693 Quintium
1539 1630 1832 1700 Hirpinum

138 1705 446 1774 adloquitur
494 1706 597 1757 hac
650 1705 771 1774 ode,
823 1724 928 1774 qua
984 1706 1312 1774 continetur,
1363 1705 1552 1757 alienis
1598 1706 1833 1774 negotiis

69 1798 112 1830 20
137 1798 248 1832 non
299 1780 492 1831 debere
546 1798 647 1832 nos
708 1780 902 1832 nimias
959 1780 1344 1832 sollicitudines
1408 1780 1682 1848 adhibere,
1738 1780 1831 1832 sed

135 1854 318 1922 potius
368 1854 662 1906 commodis
709 1854 854 1906 uitae
902 1858 1119 1906 nostrae
1169 1854 1447 1907 consulere
1496 1854 1718 1906 celerius
1774 1872 1831 1906 se

135 1928 410 1995 rapientis.
562 1929 596 1979 2
652 1927 894 1980 Hadria
942 1929 1189 1980 diuisus
1238 1929 1516 1980 obiecto:
1564 1927 1828 1980 interfuso

135 2002 273 2053 mari
313 2020 344 2053 a
381 2002 538 2054 1101013
578 2004 831 2054 remotus,
983 2003 1018 2054 4
1063 2020 1176 2054 nec
1223 2002 1508 2070 trepides
1548 2002 1612 2053 in
1650 2020 1833 2053 usum

134 2076 470 2143 poscentis
519 2077 663 2128 aeui
701 2095 917 2144 pauca.
1016 2095 1116 2128 nec
1157 2077 1286 2128 satis
1328 2094 1481 2145 agas,
1527 2078 1589 2127 ut
1625 2075 1829 2128 habeas

68 2168 110 2200 25
134 2150 279 2201 uitae
325 2149 651 2219 necessaria,
700 2169 820 2203 cum
866 2168 1038 2219 pauca
1078 2151 1298 2203 omnino
1356 2150 1634 2203 desideret.
1794 2149 1829 2202 5

135 2223 309 2291 fugit
350 2226 453 2289 [et]
494 2226 668 2277 retro
707 2225 873 2276 leuis
913 2226 1230 2277 iuuentas.
1286 2224 1340 2275 id
1382 2227 1485 2276 est:
1528 2224 1737 2276 decedit
1776 2227 1833 2275 et

135 2300 379 2348 remanet
427 2316 457 2348 a
496 2298 653 2349 nobis
694 2299 1016 2366 procedente
1055 2299 1170 2351 uita
1209 2299 1266 2350 in
1319 2300 1664 2350 senectutem.
1795 2298 1828 2350 6

137 2370 316 2422 arida
346 2371 632 2439 pellente
672 2373 956 2425 lasciuos
990 2391 1236 2425 amores
1270 2372 1524 2423 canitia.
1589 2369 1830 2423 ‘canitia'
1903 2428 1905 2430 ,

134 2461 233 2512 pro
283 2447 520 2512 senecta,
569 2463 728 2513 quam
770 2446 973 2497 aridam
1014 2446 1171 2513 dixit,
1223 2445 1348 2514 quia
1388 2462 1539 2497 senes
1578 2445 1726 2512 parci
1766 2463 1829 2497 ac

65 2538 111 2570 30
134 2521 351 2570 tenaces
409 2522 548 2570 sunt.
649 2520 681 2571 9
737 2537 865 2571 non
921 2538 1167 2587 semper
1213 2519 1378 2571 idem
1424 2519 1460 2570 f.
1509 2536 1550 2569 e.
1600 2518 1646 2570 d.
1693 2518 1726 2569 i.
1777 2537 1829 2570 11.

134 2591 267 2644 11000
317 2592 383 2644 0(1
432 2595 662 2645 aetatem
709 2594 828 2645 uult
874 2593 1082 2662 referri,
1131 2593 1255 2662 quia
1301 2611 1400 2645 nec
1447 2593 1566 2661 ipsa
1618 2609 1830 2661 semper
1911 2639 1924 2651 ,

253 2757 280 2794 4
312 2751 633 2796 111οᾶοᾶ001313
670 2788 678 2796 .
713 2787 722 2796 .
755 2754 942 2797 utititur
976 2754 1038 2796 M
1144 2759 1194 2796 11
1231 2753 1468 2809 quondam
1503 2753 1680 2809 Pauly:
1713 2765 1827 2796 non-

133 2825 388 2866 numquam
422 2811 486 2854 M
634 2816 686 2855 13
721 2813 932 2868 augustis
968 2813 1030 2855 M
1155 2826 1293 2856 anim.
1330 2812 1435 2868 adq.
1469 2811 1498 2856 f.
1534 2812 1598 2854 M
1714 2810 1826 2855 alle-

134 2881 293 2924 gorica
326 2870 390 2912 M
524 2875 578 2914 17
611 2870 817 2927 scythae.
852 2886 885 2914 s.
918 2886 948 2914 1.
983 2886 1024 2926 q.
1061 2871 1125 2914 M
1259 2876 1313 2914 18
1347 2872 1394 2914 et
1423 2871 1501 2914 1110
1535 2870 1607 2924 M,
1637 2869 1744 2924 fort.
1778 2872 1828 2914 et

133 2927 216 2970 rel.
339 2930 555 2984 quintum
589 2929 652 2972 M
770 2935 824 2973 22
857 2929 1094 2985 rapientis
1115 2943 1218 2974 nos:
1250 2931 1454 2985 rapienti
1487 2929 1550 2972 M
1667 2933 1723 2972 23
1755 2942 1825 2972 re-

132 2987 260 3087 mgto
296 2987 381 3087 IPI'IW
499 2993 553 3031 27
586 2989 800 3032 remanat
834 2988 990 3045 Pauly
1126 2994 1182 3033 28
1216 2990 1437 3032 canitiam
1468 3001 1552 3044 pro
1588 2987 1651 3030 M
1768 2993 1827 3032 30

133 3057 176 3088 01
212 3058 284 3088 0111
365 3084 372 3088 .
