1939 3197
156 79 262 131 144
857 79 1110 124 EPODON
1147 87 1185 124 1.

150 218 345 285 gasset.
519 216 551 268 9
623 234 700 268 an
767 216 934 268 hunc
995 216 1280 269 laborem
1352 221 1563 269 mente
1647 218 1863 271 laturi

151 289 331 342 decet
411 309 530 359 qua
598 290 768 342 ferre
837 308 964 342 non
1034 291 1248 343 mollis
1310 292 1486 344 uiros
1550 292 1857 345 feremus,

151 383 337 417 sensus
387 366 611 430 [autem]
665 367 746 416 est
797 364 909 416 hic:
974 367 1067 416 aut
1127 365 1388 434 numquid
1451 366 1636 418 animo
1699 367 1854 420 labo·
1899 370 1901 372 ’

146 439 318 490 raturi
385 457 481 507 per
543 439 841 490 absentiam
903 441 1052 490 tuam
1116 440 1467 508 suscipiamus
1540 444 1594 491 et
1658 459 1845 509 corpo-

101 513 219 564 5ris
280 513 519 564 laborem
580 516 759 564 tecum
820 512 1033 565 eundo?
1111 514 1348 582 corporis
1411 514 1555 566 enim
1604 514 1844 567 laborem

145 587 264 638 uult
351 604 465 638 esse
554 605 666 639 non
746 587 988 639 mollium
1051 587 1304 638 uirorum.
1486 588 1551 639 17
1634 606 1854 642 comes>

146 661 388 713 minore
452 680 584 712 sum
646 661 904 713 futurus
966 662 1031 713 in
1093 664 1261 713 metu
1314 661 1421 729 qui
1479 662 1683 714 maior
1734 663 1859 715 ab-

146 738 358 787 sentes
406 735 612 787 habet.
692 753 879 787 sensus
921 738 1024 787 est:
1089 736 1133 787 si
1174 753 1350 788 comes
1393 736 1518 805 sim,
1582 736 1845 789 minorem

144 812 346 860 metum
385 809 584 878 patiar,
647 810 737 878 qui
789 828 998 878 semper
1046 809 1353 861 absentibus
1403 810 1577 862 maior
1618 814 1712 862 est.
1791 814 1858 864 et:

76 900 121 932 10
145 883 360 935 attende
425 902 456 935 a
513 884 774 952 singulari
827 902 1050 936 numero
1117 884 1183 935 ad
1230 885 1495 952 pluralem
1553 885 1848 937 transitum

142 957 348 1009 fecisse.
451 958 517 1010 19
566 962 636 1009 ut
675 958 977 1010 adsidens
1018 958 1418 1025 inplumibus
1459 959 1663 1027 pullis
1705 959 1852 1011 auis.

145 1032 542 1100 serpentium
599 1033 900 1100 adlapsus
939 1032 1138 1084 timet.
1217 1032 1432 1084 attende
1474 1033 1827 1085 elocutionem

144 1103 274 1157 ‘illis
313 1105 494 1158 timet'
535 1125 630 1174 per
671 1106 912 1158 datiuum
953 1124 1134 1158 casum
1146 1149 1158 1174 7
1199 1125 1310 1158 non
1352 1105 1476 1174 ‘pro
1509 1107 1616 1158 illis
1642 1098 1844 1159 tin1et2'

143 1179 217 1231 sic
243 1179 689 1232 etTerentius:
733 1179 885 1249 Syre
924 1181 1045 1232 tibi
1086 1181 1283 1231 metui
1321 1180 1497 1231 male.
1605 1181 1674 1232 21
1710 1199 1840 1234 non

75 1272 117 1304 15
140 1255 209 1304 ut
248 1254 421 1305 adsit
461 1254 690 1306 auxilii
730 1255 941 1306 latura
988 1255 1132 1323 plus
1175 1254 1649 1322 praesentibus,
1730 1254 1840 1307 ‘sit'

139 1328 365 1380 uerbum
402 1328 490 1380 hic
531 1329 680 1380 deest
719 1331 772 1380 et
812 1327 896 1379 ‘si'
936 1329 1215 1396 particula,
1255 1329 1380 1396 quia
1414 1328 1542 1381 ordo
1571 1332 1624 1380 et
1649 1347 1840 1382 sensus

138 1401 226 1453 hic
281 1406 385 1454 est:
438 1421 550 1455 non
600 1406 661 1454 ut
710 1403 830 1471 plus
887 1403 1070 1455 auxilii
1115 1403 1489 1470 praesentibus
1541 1404 1610 1455 sit
1647 1403 1847 1473 latura,

140 1476 185 1526 si
225 1476 378 1529 adsit.
462 1478 530 1528 27
573 1495 846 1545 pecusue
888 1475 1180 1530 Calabris
1223 1480 1369 1530 ante
1412 1477 1592 1529 sidus
1632 1477 1840 1529 ferui-

140 1549 284 1602 dum
344 1550 599 1603 Lucana
653 1554 858 1603 mutet
911 1552 1187 1619 pascuis.
1303 1551 1558 1620 ambigua
1622 1551 1836 1619 quidem

71 1649 115 1682 20
139 1624 411 1693 eloquutio
452 1628 546 1693 est,
587 1625 678 1677 sed
719 1643 839 1677 cum
894 1628 1045 1677 ante
1103 1625 1277 1676 sidus
1331 1625 1654 1676 feruidum
1696 1625 1839 1677 dicat

138 1701 191 1749 et
260 1697 564 1751 Calabriam
632 1699 1129 1750 manifestissimum
1202 1699 1271 1750 sit
1340 1700 1634 1751 caloratam
1706 1717 1841 1769 esse,

137 1776 361 1841 apparet
412 1791 532 1825 eum
571 1773 675 1826 hoc
716 1774 912 1825 dicere:
975 1791 1088 1826 non
1138 1777 1200 1825 ut
1251 1791 1414 1841 pecus
1458 1776 1584 1825 ante
1623 1773 1836 1825 feruen-

135 1846 405 1898 tissimum
461 1849 680 1899 aestatis
735 1850 947 1916 tempus
1000 1865 1063 1898 ex
1118 1846 1369 1900 Calabria
1422 1847 1480 1898 in
1539 1846 1835 1899 Lucaniam

136 1922 391 1973 transeat.
507 1922 578 1973 30
634 1920 897 1974 Circaea
947 1924 1179 1991 tangat
1225 1921 1490 1973 moenia.
1570 1919 1836 1974 Circaea

69 2019 112 2051 25
136 1996 386 2046 moenia
456 1995 748 2047 Tusculum
809 1996 1255 2065 intellegendum,
1327 1995 1453 2063 quia
1527 1995 1834 2070 Telegonus

137 2066 315 2121 Circes
357 2072 409 2121 et
448 2068 620 2121 Ulixis
660 2070 800 2121 filius
847 2069 951 2122 hoc
992 2070 1248 2138 oppidum
1296 2069 1551 2122 condidit.
1646 2087 1837 2121 sensus

137 2145 217 2194 est
257 2147 456 2195 autem:
498 2147 559 2195 ut
596 2162 769 2212 neque
801 2144 859 2195 in
883 2143 1190 2196 Tusculano
1224 2143 1531 2213 possideam
1555 2144 1834 2195 uillarum-

137 2234 237 2282 que
277 2217 351 2268 ibi
392 2217 632 2269 aedificia
675 2236 839 2286 usque
880 2218 946 2269 ad
986 2219 1158 2286 ipsam
1198 2219 1385 2270 urbem
1426 2217 1727 2269 extendam.

137 2289 204 2340 31
257 2291 415 2342 satis
464 2310 778 2360 superque
834 2311 925 2344 me
980 2292 1358 2362 benignitas
1413 2295 1523 2343 tua
1579 2291 1834 2345 ditauit.

68 2389 111 2422 30
137 2363 395 2416 donatum
458 2364 558 2416 sibi
611 2365 669 2416 in
710 2364 923 2418 Sabinis
970 2366 1197 2418 fundum
1237 2386 1268 2418 a
1306 2365 1618 2417 Maecenate
1658 2364 1830 2416 Hora·
1909 2407 1912 2410 .

135 2437 242 2489 tius
284 2456 441 2506 saepe
481 2441 710 2490 testatus
749 2444 843 2492 est.¹
963 2441 1033 2492 33
1090 2440 1253 2508 quod
1309 2445 1418 2490 aut
1473 2457 1708 2490 auarus
1763 2442 1832 2490 ut

138 2509 432 2564 Chremes
473 2516 645 2564 terra
684 2531 985 2582 premam,
1042 2514 1296 2581 quoniam
1337 2511 1591 2565 Chremes
1631 2530 1831 2565 nomen

137 2586 278 2637 senis
341 2589 422 2638 est
474 2586 531 2638 in
586 2587 898 2655 comoediis3
970 2587 1045 2639 ibi
1100 2587 1242 2639 enim
1296 2587 1406 2638 fere
1464 2605 1617 2639 senes
1681 2587 1831 2638 auari

256 2751 311 2789 14
341 2747 508 2791 Heaut.
545 2752 585 2802 3,
620 2752 659 2803 2,
695 2752 750 2790 20

251 2898 279 2936 4
311 2894 611 2950 suscipiamus
643 2894 776 2938 Acin:
815 2908 1088 2950 suscipimus
1121 2896 1184 2938 M
1214 2910 1242 2950 ς
1363 2899 1420 2939 24
1453 2908 1602 2939 circea
1635 2893 1698 2937 M
1726 2893 1795 2937 bis

134 2955 189 2995 26
236 2952 426 3008 Opldum
460 2954 523 2997 M
662 2958 716 2997 31
766 2956 1074 3010 sepetestatus
1108 2955 1169 2997 M
1177 2972 1187 3008 3
1234 2955 1434 2998 testatur
1467 2969 1494 3009 ς
1639 2958 1694 2996 3-2
1728 2965 1823 2998 cre-

134 3023 230 3054 mes
264 3011 327 3053 M
456 3014 583 3056 terra
610 3048 618 3057 .
645 3048 654 3058 .
689 3012 894 3057 chremes
926 3026 959 3057 s.
994 3014 1020 3057 Z.
1054 3027 1110 3056 m.
1144 3019 1183 3058 1.
1220 3014 1283 3057 Μ
1414 3018 1469 3058 33
1503 3012 1727 3057 comedns
1762 3011 1826 3055 M
1894 3056 1898 3061 ,
