1939 3197
657 51 904 96 EPODON
939 56 991 96 12
1023 53 1071 96 et
1103 58 1170 98 13.
1652 55 1755 107 165

66 187 197 238 mihi
223 186 534 239 salacissimi
559 187 911 239 adulescentis
953 188 1177 240 occasio.
1291 189 1359 240 21
1404 190 1752 243 muricibus

68 260 280 329 Tyriis
319 261 594 313 iteratae
635 261 879 312 uellera
918 262 1118 313 lanae.
1207 281 1498 331 purpuram
1538 264 1753 332 Tyriam

69 335 358 403 significat,
406 353 540 402 quae
587 335 782 386 iterum
830 335 882 389 id
936 339 1016 387 est
1054 336 1138 388 bis
1178 337 1316 405 tingi
1357 337 1637 406 conchylio
1678 339 1752 389 di-

68 409 221 460 citur.
312 408 453 460 unde
492 409 755 476 hodieque
796 409 1062 478 dibaphus
1103 411 1418 479 appellatur.
1569 412 1639 463 523
1679 431 1752 463 ne

65 482 235 534 foret
275 482 564 550 aequalis
611 483 782 534 inter
830 484 1106 536 conuiua
1144 486 1349 554 magis
1391 503 1569 554 quem
1610 486 1798 538 dili-5

66 559 244 624 geret
282 557 510 608 mulier
551 575 660 608 sua
701 576 884 625 quam
931 562 1005 609 te.
1091 559 1368 611 blanditur
1415 559 1595 611 dicens
1644 579 1752 611 ma-

68 647 304 698 gnopere
321 630 586 682 festinans
605 630 682 682 illi
698 632 947 699 pretiosis
973 633 1223 701 purpuris
1248 637 1455 685 uestem
1482 634 1755 703 conficere,

65 706 126 754 ut
180 722 243 755 ex
296 705 399 757 hoc
454 705 594 757 inter
642 706 1054 757 contubernales
1103 707 1214 758 eius
1266 708 1543 776 probaret,
1594 726 1754 776 quam

71 778 225 829 ualde
266 778 415 829 illum
457 779 716 848 diligeret.

589 895 837 940 EPODON
869 895 1124 939 CARMEN
1159 902 1226 940 13.
1780 920 1821 951 10

212 985 488 1039 Horrida
519 991 869 1057 tempestas
904 988 1145 1040 caelum
1179 987 1508 1040 contraxit
1540 990 1602 1040 et
1639 988 1754 1040 im-

67 1062 227 1113 bres.
318 1061 567 1114 hortatur
618 1062 1049 1130 contubernales,
1103 1065 1186 1131 ut,
1242 1062 1496 1130 quoniam
1549 1063 1754 1114 caelum

65 1136 308 1204 pluuium
362 1137 431 1188 sit
474 1154 572 1188 nec
621 1136 903 1205 quicquam
953 1137 1041 1206 agi
1087 1136 1281 1205 possit,
1336 1137 1394 1187 in
1446 1136 1754 1188 conuiuium

66 1209 330 1264 secedant.
408 1211 613 1262 caelum
653 1213 832 1262 autem
870 1229 967 1278 pro
1008 1210 1242 1262 nubibus
1284 1210 1479 1279 accipe,
1519 1212 1572 1262 et
1609 1210 1753 1263 ‘con-

62 1282 246 1335 traxit'
296 1285 354 1335 in
399 1303 567 1337 unum
614 1285 791 1353 coegit
845 1302 904 1336 ac
959 1303 1054 1352 per
1099 1284 1202 1337 hoc
1252 1283 1438 1336 ‘densa
1488 1283 1634 1336 fecit’
1675 1285 1754 1336 in·
1779 1303 1822 1336 15

64 1359 442 1428 tellegendum.
599 1360 625 1410 1
685 1362 748 1410 et
806 1358 1024 1410 inbres
1073 1359 1382 1427 niuesque
1434 1358 1756 1410 deducunt

66 1432 295 1485 Iouem.
352 1433 604 1501 suauiter‚
644 1433 796 1501 quasi
821 1451 941 1485 cum
964 1432 1224 1485 imbribus
1267 1433 1333 1484 ad
1372 1435 1543 1484 terras
1575 1431 1755 1501 Iuppi-

64 1510 147 1558 ter
187 1507 487 1559 descendat.
581 1508 613 1559 3
646 1507 969 1575 rapiamus
1010 1507 1199 1559 amici
1240 1507 1645 1559 occasionem
1685 1506 1755 1558 de

69 1581 184 1633 die.
224 1584 406 1633 utrum
446 1582 781 1634 occasionem
821 1599 955 1649 quae
998 1581 1060 1633 de
1102 1581 1184 1632 die
1224 1581 1409 1649 pluuio
1442 1580 1646 1649 incidit,
1686 1599 1757 1632 an

65 1658 127 1707 ut
167 1654 437 1707 ‘conuiuia
477 1656 540 1707 de
581 1654 684 1707 die'
725 1655 1039 1707 dicebantur
1080 1674 1111 1707 a
1149 1656 1322 1724 primo
1359 1673 1515 1707 mane
1550 1657 1755 1723 coepta.
1782 1674 1826 1705 20

217 1729 251 1781 5
299 1730 578 1782 obducta
627 1730 921 1782 soluatur
966 1729 1182 1782 fronte
1241 1732 1554 1781 senectus·
1651 1729 1756 1781 ob-

69 1803 259 1855 ducta
305 1804 359 1855 id
409 1807 514 1856 est:
554 1805 611 1856 in
650 1821 812 1873 rugas
854 1806 1152 1871 contracta,
1193 1821 1253 1855 ac
1292 1821 1386 1871 per
1411 1803 1530 1870 hoc,
1572 1821 1757 1855 seuera

68 1880 122 1930 et
159 1878 343 1930 tristis,
445 1878 520 1930 sic
567 1896 694 1948 ergo
744 1881 797 1930 et
846 1880 1174 1930 senectutem
1228 1896 1325 1946 pro
1378 1878 1645 1946 grauitate
1696 1895 1755 1928 ac

69 1952 352 2004 seueritate
394 1952 587 2020 accipe.
688 1953 719 2003 6
753 1955 819 2004 tu
852 1952 1002 2003 uina
1035 1952 1358 2019 Torquato
1392 1969 1569 2002 moue
1603 1968 1753 2003 con-

70 2026 204 2077 sule
255 2044 479 2094 pressa
526 2045 677 2078 meo.
775 2026 1037 2094 praecipit
1090 2025 1218 2077 uina
1271 2025 1500 2093 proferri
1549 2023 1753 2077 Manlio
1781 2042 1824 2074 25

70 2099 343 2167 Torquato
393 2101 610 2152 consule
668 2099 877 2168 defusa,
933 2118 1037 2167 quo
1094 2117 1235 2151 anno
1290 2099 1405 2167 ipse
1460 2101 1620 2150 natus
1673 2099 1757 2166 sit,

73 2173 216 2240 quod
257 2176 310 2225 et
349 2174 477 2225 alibi
517 2173 832 2242 amphoram
872 2173 1165 2241 adloquens
1199 2173 1435 2225 ostendit
1468 2173 1543 2224 sic
1576 2172 1756 2224 dicens

70 2245 113 2297 O
168 2250 324 2299 nata
378 2266 620 2299 mecum
674 2249 936 2300 consule
990 2247 1248 2299 ManliO.
1348 2247 1415 2298 ad
1469 2247 1573 2299 hoc
1629 2264 1755 2316 ergo

67 2321 302 2388 pertinet
335 2322 476 2390 quod
509 2323 633 2375 dicit
661 2320 904 2374 Manlio
939 2321 1267 2390 Torquato
1299 2339 1450 2373 me0.
1540 2321 1569 2374 7
1606 2320 1755 2372 deus

67 2395 222 2447 haec
268 2396 549 2448 fortasse
597 2396 879 2465 benigna
925 2396 1187 2448 reducet
1232 2396 1298 2447 in
1346 2395 1555 2448 sedem
1602 2395 1754 2446 uice.
1782 2412 1824 2443 30

189 2516 244 2554 29
279 2511 363 2556 Od.
397 2518 437 2567 3,
471 2518 541 2566 21,
577 2518 598 2555 1

192 2619 213 2657 1
249 2628 535 2672 sagacisS1m1
569 2616 631 2659 M
779 2621 803 2659 3
838 2632 887 2672 q3
921 2629 954 2660 s.
998 2617 1024 2659 Ζ.
1061 2617 1123 2658 M
1271 2615 1499 2659 conchilio
1533 2618 1572 2657 et
1604 2613 1756 2657 diafus

72 2673 135 2715 M
252 2679 278 2716 5
333 2688 550 2718 conuiuia
583 2675 646 2718 M
786 2681 811 2719 6
843 2675 1011 2719 mulier
1045 2709 1054 2718 .
1089 2709 1098 2718 .
1130 2674 1373 2719 blanditur
1403 2687 1437 2717 s.
1472 2675 1500 2717 Z.
1535 2673 1597 2715 M
1731 2679 1754 2716 7

68 2731 366 2778 festinantius
398 2734 610 2778 Hauthal
745 2739 771 2778 8
804 2734 1185 2778 contubernalem
1219 2735 1281 2777 M
1415 2738 1467 2776 13
1502 2732 1562 2776 sit
1594 2732 1761 2776 addidi

68 2804 379 2847 nequlcquam
413 2793 476 2835 M
586 2798 640 2836 15
674 2793 867 2837 densum
897 2794 971 2837 uel
1002 2793 1168 2837 densas
1201 2809 1230 2848 ς
1347 2798 1399 2836 16
1432 2792 1670 2846 nubesque
1698 2791 1761 2834 M

190 2856 243 2894 19
278 2865 418 2906 quae:
453 2867 534 2907 qui
567 2853 630 2896 M
761 2858 816 2896 21
849 2852 1004 2896 fronte
1035 2866 1069 2895 s.
1104 2853 1131 2896 l.
1167 2852 1230 2894 M
1371 2855 1426 2894 25
1461 2850 1621 2894 mallio
1652 2852 1758 2904 (ter)

71 2909 135 2952 M
238 2915 294 2954 26
326 2909 496 2954 diffusa
527 2926 556 2966 ς
670 2917 723 2955 27
758 2911 984 2955 amforam
1016 2911 1053 2955 85
1084 2911 1277 2966 loquens
1310 2912 1382 2958 os}
1408 2910 1470 2953 M
1581 2915 1635 2953 29
1667 2910 1758 2954 sch.

69 2981 116 3011 u.
150 2971 178 3012 7
202 2973 309 3024 post
339 2970 427 3014 sch.
459 2984 505 3015 u.
536 2974 592 3014 11
627 2975 689 3015 est
718 2971 772 3014 in
804 2970 868 3014 M
