1939 3197
0 3110 66 3197 a.

498 94 796 145 EPISTULA
828 100 862 155 Ι,
899 105 966 154 16,
1000 104 1188 154 73-17,
1223 105 1262 143 6.
1614 96 1722 148 289

40 240 246 308 patitur
284 238 552 298 uniuersa,
592 253 727 304 quae
768 235 895 287 dicit
933 235 1171 287 inferius
1274 234 1341 286 73
1383 233 1480 284 uir
1519 233 1725 285 bonus

43 316 104 365 et
151 312 405 381 sapiens
453 309 713 361 audebit
760 309 969 361 dicere
1025 309 1325 361 Pentheu.
1415 307 1518 359 hoc
1572 306 1727 358 Euri-

46 387 192 455 pidia
231 386 294 437 de
333 383 610 453 tragoedia
650 387 732 434 est
754 382 996 451 Bacchis,
1035 383 1092 434 in
1132 401 1237 451 qua
1275 381 1544 434 inducitur
1571 380 1730 432 Liber

47 479 78 512 a
126 476 251 528 rege
296 457 536 510 Pentheo
591 456 749 526 ligari
802 457 979 509 iussus
1034 457 1148 525 ipse
1201 473 1252 509 se
1306 456 1530 522 soluere3
1589 454 1732 523 quod

51 533 223 586 simile
264 532 495 600 sapienti
535 534 635 599 est,
685 548 842 599 quem
890 549 1068 583 carere
1113 530 1461 583 facultatibus
1502 532 1555 580 et
1593 528 1731 580 mori
1755 540 1775 571 ὃ

47 625 160 659 non
197 608 524 658 metuentem
563 605 714 656 nulla
751 606 833 657 uis
873 608 1051 673 potest
1096 605 1154 656 in
1193 605 1448 656 seruitute
1488 603 1733 655 retinere.

203 681 269 732 79
310 680 504 731 linea:
544 679 667 730 finis
707 679 794 730 uel
833 698 973 747 parS.
1035 678 1394 730 Terentius:
1434 676 1733 728 Extrema

48 755 222 806 linea
264 756 387 820 [est]
431 771 639 804 amare
678 753 843 805 haud
883 753 1047 804 nihil
1088 756 1196 803 est.

658 897 958 941 EPISTULA
992 903 1031 953 1,
1066 903 1132 942 17.

204 988 505 1050 Quamuis
547 987 787 1042 Scaeua
827 989 1002 1041 satis.
1063 990 1134 1041 ad
1170 988 1420 1041 Scaeuam
1458 987 1578 1039 haec
1617 986 1739 1039 scri·
1766 996 1808 1026 10

50 1064 224 1131 bitur,
263 1064 322 1114 in
360 1081 465 1131 qua
504 1063 630 1114 dum
679 1066 790 1115 arte
843 1063 1169 1132 obsequendi
1217 1062 1401 1114 amicis
1449 1061 1742 1113 maioribus

54 1137 197 1189 ratio
237 1140 583 1205 monstratur,
622 1136 879 1189 Horatius
921 1137 1153 1205 satyrico
1188 1136 1490 1188 charactere
1516 1134 1745 1187 adstruit

57 1211 195 1263 nihil
249 1228 364 1262 esse
421 1212 789 1263 aerumnosius
845 1213 898 1262 et
952 1211 1227 1263 molestius
1284 1209 1628 1262 obseruantia
1689 1209 1746 1259 in

59 1285 323 1353 potiorem
376 1284 545 1336 libero
599 1285 821 1337 homini.
914 1285 1200 1353 quamuis
1266 1283 1507 1336 Scaeua
1569 1283 1745 1334 satis.

56 1354 519 1427 προθεράπευσις.
596 1360 629 1410 2
662 1359 1011 1411 maioribus
1045 1359 1137 1410 uti
1169 1359 1224 1410 id
1257 1361 1357 1409 est:
1400 1357 1599 1409 amicis,
1655 1356 1747 1408 sed
1774 1364 1814 1395 15

59 1433 121 1485 in
160 1431 542 1484 consuetudine
574 1433 802 1485 maiores
837 1433 1074 1485 dicimus.
1167 1434 1199 1484 3
1241 1432 1577 1484 amiculus:
1617 1425 1748 1482 ὑπο-

60 1502 315 1575 κόρισμα.
431 1506 463 1558 3
513 1510 580 1558 ut
627 1508 679 1559 si
727 1525 949 1559 caecus
997 1507 1135 1559 iter.
1212 1505 1644 1574 prouerbialiter,
1690 1506 1751 1555 ut

65 1581 112 1632 si
151 1598 239 1632 sus
277 1579 580 1633 Mineruam
620 1581 822 1634 doceat.
923 1581 956 1633 5
998 1581 1161 1650 quod
1202 1598 1381 1632 cures
1422 1579 1752 1648 proprium

66 1654 298 1707 fecisse
344 1654 447 1706 hoc
502 1658 605 1707 est:
655 1655 796 1724 quod
844 1655 956 1707 eius
1004 1654 1149 1706 modi
1198 1654 1292 1722 sit,
1347 1656 1407 1706 ut
1460 1653 1593 1705 uelis
1647 1652 1750 1704 hoc

64 1729 244 1797 ipsum
282 1746 381 1796 pro
421 1731 515 1781 tuo
555 1729 766 1781 habere.
866 1730 898 1781 6
941 1729 993 1781 si
1030 1732 1091 1780 te
1132 1731 1319 1799 grata
1359 1728 1554 1797 quies.
1615 1726 1751 1778 bene
1777 1737 1820 1768 20

64 1821 179 1855 non
228 1804 351 1853 ante
397 1805 583 1855 monet
628 1807 676 1855 et
726 1803 1007 1871 praecipit,
1063 1821 1167 1871 quo
1222 1805 1379 1870 pacto
1435 1800 1756 1854 obseruandi

65 1876 382 1944 colendique
422 1880 547 1928 sunt
577 1878 829 1945 potiores,
866 1877 972 1929 nisi
1003 1877 1150 1945 prius
1185 1876 1481 1929 ostenderit
1505 1874 1754 1926 colendos

66 1968 199 2002 esse.
286 1952 340 2001 et
384 1950 617 2017 primum
663 1951 959 2020 inquietam
1006 1951 1176 2002 uitam
1229 1949 1514 2018 praeponit
1561 1947 1756 2017 gratio-

69 2042 253 2076 sorum
307 2023 587 2076 hominum
642 2025 925 2076 solitariae.
1017 2024 1092 2075 sic
1146 2024 1405 2092 probatur
1458 2023 1579 2074 illos
1642 2039 1756 2073 esse

71 2097 392 2164 laudandOS,
441 2099 531 2168 qui
572 2099 862 2151 amicitiam
903 2100 1294 2150 consectantur.
1373 2097 1425 2149 si
1470 2098 1531 2148 te
1571 2098 1756 2165 grata
1780 2104 1825 2137 25

74 2171 269 2241 quies.
349 2171 394 2223 si
434 2173 543 2225 otio
583 2172 878 2240 delectariS,
917 2172 1116 2242 inquit,
1157 2190 1219 2224 ex
1258 2171 1388 2224 urbe
1428 2170 1759 2239 proficiscere

198 2309 221 2348 7
254 2304 369 2348 Eun.
402 2309 444 2359 4,
478 2309 517 2358 2,
554 2309 605 2346 12

197 2428 222 2465 2
257 2422 408 2466 dicere
440 2424 631 2478 repente
664 2422 756 2466 heu
790 2423 851 2465 M
953 2423 1010 2476 cf.
1038 2422 1241 2465 Michael
1268 2421 1547 2476 Petschenzy,
1574 2420 1766 2463 Zeitsch.

76 2483 112 2536 f.
145 2486 298 2526 o'sterr.
333 2481 496 2538 Gymn.
529 2486 669 2535 1868,
693 2496 745 2537 p.
779 2485 870 2526 646
976 2482 1062 2525 hoc
1092 2480 1334 2537 Euripidia
1357 2494 1461 2523 nos:
1493 2480 1608 2523 haec
1632 2491 1764 2534 prae-

79 2541 159 2584 dia
199 2542 262 2583 M
409 2545 434 2584 5
475 2554 628 2585 carere
667 2541 970 2585 facultatibus
1012 2553 1116 2584 nos:
1163 2553 1368 2584 carceres
1410 2539 1650 2583 facultatis
1692 2537 1766 2588 M,

80 2599 276 2645 carceris
306 2599 605 2644 difficultates
639 2616 667 2656 ς
812 2605 836 2643 7
868 2602 1023 2644 terent
1056 2600 1118 2642 M
1252 2604 1307 2643 10
1341 2612 1482 2654 quam
1517 2598 1579 2640 M
1713 2601 1765 2639 12

80 2661 201 2703 ratio
233 2671 337 2702 nos:
368 2673 460 2702 non
493 2659 555 2701 M
671 2660 821 2704 horat.
856 2660 1054 2715 satyrico
1088 2658 1354 2702 charactere
1381 2658 1444 2701 M
1548 2661 1600 2699 13
1627 2654 1766 2699 nihil:

80 2719 199 2762 mihi
232 2719 295 2761 M
441 2719 756 2763 aerumnosius
794 2732 900 2762 nos:
942 2731 1152 2762 seuerum
1183 2731 1266 2761 nos
1297 2732 1369 2761 ius
1404 2717 1466 2759 M
1614 2714 1767 2758 obser-

82 2777 247 2822 uantia
276 2777 327 2820 in
356 2789 462 2820 nos:
494 2778 840 2822 obseruantiam
867 2778 930 2820 M
1050 2781 1102 2820 17
1134 2778 1188 2820 ut
1218 2777 1257 2821 si
1290 2791 1366 2820 sus
1398 2788 1502 2819 nos:
1535 2788 1661 2817 Ulsus
1697 2773 1769 2823 M,

84 2839 138 2880 ut
169 2851 245 2880 sus
278 2851 306 2892 ς
429 2841 482 2879 18
516 2850 707 2893 cuperes
741 2837 803 2880 M
921 2841 978 2881 20
1009 2836 1181 2880 habere
1212 2849 1317 2879 nos:
1347 2834 1509 2877 haberi
1545 2833 1605 2876 M
1714 2836 1769 2874 22

86 2896 181 2940 sint
206 2911 234 2950 ς
347 2895 602 2939 ostenderis
635 2896 698 2939 M
802 2901 856 2939 23
889 2896 996 2939 haec
1025 2909 1130 2939 nos:
1162 2895 1224 2938 Et
1254 2908 1469 2950 primum.
1501 2908 1538 2936 r.
1572 2907 1615 2948 q.
1648 2906 1677 2935 1.
1710 2890 1774 2933 Et

88 2959 187 2998 tam
225 2968 403 3012 propon
443 2957 497 2998 ut
539 2957 850 3011 gratiosorum
889 2955 1130 2999 hominum
1169 2954 1361 2998 solitam.
1403 2967 1441 2997 c.
1481 2967 1515 2996 r.
1548 2951 1776 3008 probatur

271 3019 326 3058 25
360 3014 419 3060 si:
453 3029 534 3070 qm
568 3015 629 3058 M
747 3019 802 3059 26
836 3014 941 3058 0d10
976 3014 1040 3058 M

178 3105 452 3136 Pourmuuou.
1367 3091 1387 3127 1
1395 3090 1420 3128 9
