1939 3197
122 100 189 152 16
740 102 858 145 onE
891 102 926 158 1,
962 106 1014 146 11
1049 103 1097 146 π
1130 107 1198 146 12.

118 240 293 306 grate3
340 237 395 289 id
443 240 545 290 est:
602 255 723 290 cum
771 238 1003 305 spatium
1049 238 1192 289 uitae
1238 237 1399 289 breue
1448 238 1538 307 sit,
1591 238 1705 290 noli
1749 239 1808 291 in

116 311 341 381 longum
381 329 502 380 spes
540 314 663 363 tuas
701 311 990 380 porrigere.
1144 312 1176 364 8
1217 329 1404 380 carpe
1445 312 1608 364 diem
1648 330 1695 381 q.
1735 331 1804 364 m.

117 403 159 438 c,
191 404 242 453 p.
288 385 684 454 metaphoricos
719 385 917 453 eprimo
952 384 1189 455 quoque'
1228 385 1405 454 inquit
1445 386 1555 438 ‘die
1585 385 1808 440 fruere',

115 460 401 512 translatio
457 462 635 511 autem
691 478 721 510 a
775 460 949 527 pomis
998 462 1213 528 sumpta
1264 462 1366 529 est,
1422 478 1556 528 quae
1605 460 1806 512 scilicet

72 547 93 579 5
116 532 236 585 ideo
277 534 544 602 carpimus
584 535 646 584 ut
684 533 938 585 fruamur.

815 694 934 738 ODE
969 700 1007 750 1,
1044 699 1111 737 12.

266 783 455 845 Quem
506 785 687 836 deum
735 788 842 837 aut
887 785 1082 837 heroa
1127 785 1270 853 lyra
1317 786 1418 836 uel
1466 804 1546 838 ac.
1596 804 1635 837 s,
1683 804 1724 837 c.
1765 804 1807 838 c,

114 857 216 910 hoc
255 877 287 909 a
325 858 558 911 Pindaro
600 860 842 928 sumpsit.
907 859 1148 911 continet
1186 863 1365 911 autem
1396 859 1528 911 haec
1563 859 1661 911 ode
1693 859 1806 911 lau-

117 932 207 984 des
256 932 475 985 deorum
523 951 584 985 ac
633 934 937 1002 principum
976 932 1360 986 Romanorum.
1513 933 1546 985 3
1585 933 1807 986 iocosa

47 1019 90 1050 10
113 1024 344 1059 nomen
390 1007 625 1076 imago:
682 1008 835 1076 echo,
884 1008 1008 1076 quia
1055 1009 1204 1059 uelut
1252 1007 1441 1060 ludens
1491 1007 1804 1076 respondet3

113 1081 323 1149 imago
365 1084 544 1133 autem
592 1082 805 1149 dicitur,
854 1082 1007 1150 quasi
1052 1082 1299 1151 imitago3
1345 1081 1577 1134 Helicon
1625 1084 1804 1133 autem

113 1172 270 1206 mons
325 1158 408 1207 est
459 1155 716 1208 Boeotiae
770 1155 940 1207 Musis
1005 1174 1180 1224 sacer7
1241 1154 1444 1207 Pindus
1496 1155 1805 1208 Thessaliae

113 1245 283 1280 mons.
346 1228 664 1282 Lucanus:
706 1229 948 1281 Pindus
990 1230 1128 1299 agit
1168 1231 1458 1299 gemitus.
1570 1230 1599 1281 7
1641 1229 1804 1281 unde

113 1302 398 1353 uocalem
436 1306 473 1355 t.
514 1304 544 1354 i.
587 1321 632 1355 ο.
672 1304 704 1355 i.
746 1322 784 1355 s.
863 1303 989 1370 quid
1029 1307 1111 1355 est
1148 1304 1421 1356 temere?
1476 1307 1658 1355 utrum
1699 1303 1804 1355 ‘in-

47 1389 90 1421 15
115 1375 356 1428 ordinate
397 1379 451 1428 et
489 1378 691 1445 passim
733 1381 893 1446 atque
934 1376 1189 1446 confuse'7
1231 1396 1301 1429 an
1332 1395 1460 1429 uero
1502 1377 1643 1429 tsine
1676 1395 1802 1429 cun-

114 1450 350 1502 ctatione
391 1453 444 1502 et
481 1450 673 1503 facile'.
767 1452 798 1503 9
842 1454 977 1503 arte
1016 1455 1307 1503 materna
1345 1451 1400 1504 id
1440 1454 1543 1504 est:
1583 1452 1802 1504 musica.

113 1522 359 1592 Orpheus
400 1525 543 1576 enim
584 1523 856 1593 Calliopae
896 1525 1084 1577 Musae
1123 1525 1279 1576 filius,
1390 1526 1454 1577 11
1497 1525 1802 1578 blandum

113 1600 175 1649 et
222 1599 466 1650 auritas
513 1599 758 1651 fidibus
801 1618 841 1651 c,
882 1599 929 1651 d.
971 1618 1019 1668 q.
1081 1599 1387 1651 blandum
1435 1599 1665 1651 ducere
1706 1618 1803 1651 sua
1896 1576 1933 1595 ’

112 1672 288 1742 figura
320 1672 454 1724 dixit
484 1675 566 1724 ut:
609 1671 926 1725 Callidum
959 1673 1267 1742 quidquid
1299 1674 1545 1741 placuit
1582 1673 1802 1726 iocoso

46 1761 89 1792 20
114 1746 384 1799 condere
436 1746 623 1799 furto,
780 1749 844 1799 11
895 1748 1142 1800 auritas
1190 1765 1475 1816 quercus,
1545 1747 1804 1799 audenter

113 1820 329 1889 dictum,
367 1821 596 1872 relatum
635 1825 818 1873 tamen
858 1822 925 1873 ad
963 1821 1017 1873 id
1058 1821 1200 1890 quod
1232 1825 1394 1874 cantu
1425 1822 1800 1874 mulcerentur.

264 1895 332 1946 13
374 1895 522 1963 quid
562 1896 740 1964 prius
782 1896 986 1947 dicam
1028 1896 1245 1948 solitis
1286 1896 1588 1964 parentis.
1646 1895 1800 1947 soli-

109 1969 196 2020 tis
243 1969 545 2021 laudibus
593 1973 774 2021 utrum
831 1969 989 2021 ‘mihi
1029 1969 1225 2022 solitis'
1283 1988 1354 2021 an
1394 1968 1651 2039 ‘uulgo'P

115 2043 180 2093 17
222 2043 386 2094 unde
427 2043 595 2095 nihil
634 2044 835 2095 maius
876 2047 1228 2113 generatur
1266 2044 1425 2112 ipso,
1503 2043 1666 2095 unde
1706 2046 1801 2095 aut

44 2130 85 2161 25
111 2115 179 2167 ad
217 2115 402 2169 Iouem
443 2121 537 2169 aut
577 2118 642 2169 ad
683 2118 944 2169 mundum
982 2117 1225 2170 refertur.
1301 2117 1465 2169 unde
1507 2120 1686 2169 autem
1723 2117 1802 2169 ita

109 2190 369 2258 positum,
425 2194 505 2242 ut:
563 2191 774 2243 Genus
821 2191 985 2243 unde
1033 2191 1331 2244 Latinum
1383 2210 1478 2260 pro
1529 2190 1619 2242 ‘ex
1659 2189 1802 2259 quo'.

245 2264 313 2315 21
355 2282 556 2331 neque
596 2269 657 2317 te
700 2266 903 2317 silebo
945 2265 1150 2318 Liber.
1213 2266 1457 2333 adtende,
1498 2265 1640 2333 quod
1678 2282 1800 2332 pro-

110 2337 292 2389 mittat
324 2355 378 2389 se
412 2338 679 2390 dicturum
713 2338 776 2390 de
807 2338 909 2407 his7
939 2357 1053 2391 non
1085 2343 1269 2391 tamen
1301 2339 1456 2390 dicat.
1544 2337 1615 2390 25
1647 2355 1799 2406 pue-

112 2429 345 2480 rosque
407 2410 627 2464 Ledae.
682 2474 685 2477 .
730 2411 935 2464 Graeca
1000 2412 1384 2464 consuetudine
1447 2430 1643 2480 pueros
1697 2429 1797 2479 pro

43 2501 87 2532 30
109 2484 248 2537 filiis.
326 2483 604 2538 Castorem
660 2489 714 2537 et
762 2485 1036 2538 Pollucem
1090 2485 1372 2555 significat.
1524 2485 1593 2537 27
1651 2485 1798 2536 alba

110 2559 330 2611 nautis
372 2561 581 2611 stella.
643 2578 788 2612 nunc
830 2559 1085 2612 ‘candida
1118 2564 1171 2611 et
1201 2558 1480 2629 benigna'‚
1519 2562 1581 2611 ut
1612 2577 1639 2611 e
1673 2577 1797 2612 con-

233 2710 283 2748 13
316 2706 427 2749 Luc.
464 2711 502 2761 7,
535 2710 621 2750 482
718 2711 770 2749 19
805 2706 876 2749 od.
914 2712 951 2762 1,
989 2711 1056 2761 10,
1093 2711 1114 2748 7
1210 2710 1265 2749 26
1299 2705 1437 2761 Verg.
1469 2705 1582 2750 Aen.
1619 2710 1657 2760 1,
1692 2710 1717 2748 6

233 2844 255 2880 1
292 2842 597 2896 eonspafflum,
632 2853 657 2883 ο
697 2840 749 2883 im
786 2855 816 2883 v
849 2852 978 2894 coron,
1014 2839 1076 2881 M
1214 2844 1239 2882 3
1271 2838 1557 2882 m&aforicos
1590 2836 1653 2879 M
1772 2840 1795 2879 7

109 2896 300 2940 heroam
333 2898 395 2940 M
507 2904 561 2942 10
594 2898 729 2942 echo:
764 2900 810 2941 et
841 2899 928 2941 hoc
962 2899 1024 2941 M
1137 2903 1189 2942 13
1224 2912 1368 2954 agens
1402 2898 1465 2941 M
1574 2900 1629 2939 22
1661 2895 1794 2938 schol.

113 2969 228 2998 uers.
262 2959 320 2998 13
348 2961 452 3011 post
481 2959 570 3001 sch.
601 2972 646 3001 u.
680 2961 739 3001 17
766 2959 967 3013 positum
998 2959 1050 3000 in
1083 2958 1145 3000 M
1201 2958 1418 3013 parentes
1451 2956 1514 2999 M
1602 2959 1656 2998 23
1690 2953 1796 2997 soh-

108 3017 184 3058 tus
217 3028 276 3058 an
311 3015 372 3058 M
475 3022 531 3060 26
563 3017 645 3060 lat.
681 3017 743 3060 M
847 3022 900 3060 27
934 3016 1022 3070 hb3
1059 3017 1121 3058 M
1235 3021 1288 3059 31
1321 3016 1437 3060 tella
1471 3014 1534 3058 M
