1939 3197
160 107 265 159 110
744 106 863 152 ODE
895 107 982 163 111,
1017 112 1072 151 23
1106 108 1154 152 et
1185 112 1256 152 24.

155 244 295 298 dior
331 243 564 297 hostia.
640 260 754 296 non
775 242 1100 295 nominatiui
1124 261 1280 296 casus
1306 246 1433 297 sunt
1473 245 1854 312 ‘sumptuosav

154 322 209 371 et
248 318 494 386 ‘hostia’‚
535 317 661 388 quia
701 335 887 370 sensus
921 320 1022 370 est:
1061 335 1175 370 non
1211 318 1459 371 blandior
1498 317 1599 370 diis
1641 322 1848 389 sumpt-

151 411 284 446 uosa
320 392 503 446 hostia
555 409 651 460 per
698 391 1037 460 sacrificium,
1107 410 1269 462 quam
1309 411 1524 462 manus,
1592 411 1728 462 quae
1767 394 1852 446 in-

151 485 351 520 nocens
413 466 553 518 farre
617 469 669 518 et
731 466 955 518 saliente
1009 466 1150 520 mica
1198 467 1477 519 sacrificat.
1563 468 1850 523 salientem

107 553 128 586 5
153 544 333 594 autem
372 541 569 593 micam
609 541 735 593 salis
776 558 1006 610 granum
1030 540 1309 611 intellege,
1348 541 1489 610 quod
1515 541 1687 611 saliat,
1727 560 1854 594 cum

151 616 209 667 in
248 616 430 685 ignem
468 615 693 668 missum
732 615 816 667 sit.

851 745 971 791 om:
1007 752 1048 803 3,
1083 751 1152 791 24.

299 837 576 892 Intactis
625 839 993 907 opulentior
1039 838 1381 891 thesauris
1456 838 1559 892 hac
1599 832 1716 911 95δῇ
1757 857 1851 909 ge·

148 912 401 966 neraliter
450 913 724 965 inuehitur
777 914 833 965 in
877 913 1144 965 luxuriam
1188 914 1447 979 [omnem]
1507 913 1688 965 omnia
1726 933 1852 982 pro-

84 1007 126 1039 ιο
149 987 428 1040 sanantem
468 990 521 1039 et
561 987 815 1040 aedificiis
854 987 1012 1040 nouis
1038 1006 1149 1040 non
1172 990 1372 1040 terram
1396 989 1622 1056 tantum,
1660 1006 1849 1040 uerum

151 1063 314 1114 etiam
353 1062 523 1114 maria
556 1064 923 1130 occupantem.
1039 1061 1072 1114 5
1113 1062 1165 1114 si
1204 1062 1356 1131 figit
1396 1062 1848 1116 adamantinos

151 1136 408 1189 summis
448 1136 803 1188 uerticibus
852 1136 990 1189 dira
1029 1137 1407 1189 necessitas.
1469 1137 1847 1189 necessitatem

147 1211 235 1263 hic
274 1229 371 1279 pro
414 1213 587 1263 morte
625 1211 821 1279 posuit.
901 1228 1089 1262 sensus
1131 1213 1332 1264 autem:
1389 1211 1635 1280 quamuis
1675 1212 1847 1264 multa

149 1286 330 1354 ampla
382 1284 660 1354 possideas
670 1326 683 1352 ,
745 1303 857 1337 non
910 1287 1094 1336 tamen
1158 1285 1365 1338 sincera
1426 1285 1706 1352 uoluptate
1760 1285 1846 1339 his

81 1376 124 1409 15
146 1359 255 1413 frui
292 1362 461 1428 potes,
501 1359 698 1428 quippe
737 1377 858 1411 cum
889 1358 1208 1411 necessitate
1233 1360 1424 1412 mortis
1449 1362 1502 1411 te
1528 1359 1848 1412 obstrictum

149 1452 265 1487 esse
306 1434 465 1501 scias⁷
522 1452 621 1485 nec
675 1434 850 1502 possis
890 1433 1014 1485 inde
1053 1436 1106 1485 te
1146 1434 1255 1486 ullo
1295 1433 1531 1486 remedio
1573 1436 1666 1485 aut
1695 1453 1848 1502 prae-

146 1509 256 1560 mio
295 1508 569 1560 redimere.
647 1508 1103 1560 adamantinos
1144 1511 1324 1560 autem
1365 1509 1585 1560 clauos
1624 1526 1722 1576 pro
1754 1526 1846 1560 116-

148 1583 396 1635 cessitate
451 1582 664 1651 mortis,
721 1601 855 1650 quae
911 1582 1044 1633 dura
1099 1585 1180 1634 est
1235 1585 1288 1633 et
1326 1581 1680 1650 inmutabilis,
1735 1601 1847 1635 non
1912 1584 1914 1586 ’

146 1657 292 1710 mala
331 1657 676 1725 conceptione
717 1656 917 1709 dictum
957 1658 1052 1708 est.
1205 1657 1237 1708 9
1288 1657 1679 1725 campestres
1719 1674 1844 1709 me-

78 1748 123 1780 20
145 1731 269 1783 11113
333 1729 622 1800 Scythae.
701 1733 1026 1799 campestres
1068 1729 1319 1799 Scythae,
1359 1729 1501 1800 quod
1539 1730 1598 1781 in
1638 1731 1841 1799 campis

147 1805 261 1857 sine
299 1806 455 1858 tectis
495 1805 700 1873 uiuant,
741 1805 869 1856 dicti
908 1808 1056 1873 sunt3
1098 1805 1160 1858 de
1187 1805 1378 1874 quibus
1406 1807 1459 1857 et
1484 1803 1838 1858 Sallustius

147 1879 221 1931 sic
262 1881 338 1932 ait
400 1878 675 1948 Scythae
722 1879 1024 1932 nomades
1080 1882 1325 1947 tenent,
1381 1879 1617 1948 quibus
1656 1879 1838 1947 plau—

148 1956 282 2006 stra
344 1953 527 2006 sedes
592 1956 754 2006 sunt.
882 1954 945 2005 11
1011 1956 1071 2005 et
1124 1952 1323 2022 rigidi
1386 1952 1599 2005 Getae.
1677 1952 1846 2006 Getae

146 2027 380 2081 Thraces
437 2031 584 2097 sunt3
648 2046 781 2097 quos
834 2027 1039 2097 rigidos
1088 2027 1222 2079 dixit
1258 2030 1479 2096 propter
1518 2027 1724 2096 frigora
1762 2046 1845 2080 re-

79 2119 121 2152 25
146 2102 369 2172 gionum
408 2120 605 2155 earum.
724 2103 791 2154 12
845 2102 1158 2154 inmetata
1212 2102 1443 2170 quibus
1496 2102 1727 2170 iugera
1765 2102 1844 2154 11-

145 2177 332 2230 beras
395 2176 614 2246 fruges
678 2179 739 2228 et
801 2173 1094 2229 Cererem
1171 2175 1400 2228 ferunt.
1522 2176 1844 2228 inmetata

144 2250 199 2302 id
247 2254 349 2303 est:
404 2251 768 2303 interminata.
846 2268 1127 2303 commune
1182 2253 1362 2303 autem
1414 2251 1555 2303 inter
1611 2268 1666 2303 se
1720 2250 1841 2302 bar-

144 2324 290 2377 baris
331 2325 503 2377 solum
543 2343 729 2377 eorum
769 2343 883 2377 esse
917 2325 1165 2377 omnibus
1189 2327 1380 2377 notum
1406 2327 1502 2376 est.
1620 2324 1688 2376 14
1727 2341 1842 2376 nec

146 2399 396 2451 cultura
456 2399 670 2466 placet
736 2399 999 2468 longior
1062 2417 1285 2452 annua.
1392 2398 1494 2450 hoc
1557 2400 1659 2449 est:
1738 2415 1838 2451 nec

79 2499 124 2530 30
144 2473 264 2542 plus
321 2473 526 2541 colunt,
583 2491 744 2542 quam
798 2473 938 2525 unde
987 2473 1146 2525 unius
1201 2472 1330 2524 anni
1384 2471 1620 2524 fructum
1673 2472 1840 2540 perci-

144 2547 313 2615 piant.
467 2546 535 2599 15
613 2546 1109 2616 defunctumque
1179 2546 1511 2599 laboribus
1583 2546 1842 2615 aequali

146 2623 395 2674 recreat
457 2623 629 2673 sorte
692 2621 994 2674 uicarius.
1070 2621 1242 2675 uicem
1281 2621 1422 2674 inter
1462 2638 1517 2674 se
1555 2619 1840 2673 laborandi

266 2772 320 2811 22
353 2767 469 2824 frag.
504 2771 544 2822 3,
577 2771 633 2810 47
668 2766 828 2823 (Kritz)

267 2935 288 2972 1
322 2943 414 2975 non
446 2942 529 2974 om.
564 2945 593 2985 ς
714 2934 740 2974 8
773 2929 1018 2985 opulentor
1051 2930 1114 2973 M
1233 2934 1287 2972 14
1319 2928 1562 2973 uoluntate
1596 2927 1659 2971 M
1688 2943 1716 2982 ς
1838 2968 1843 2973 .

146 2992 200 3031 21
234 2989 348 3032 tecti
381 2989 443 3032 M
588 2994 642 3032 22
677 2988 814 3047 scyde
849 2989 907 3031 M
1059 2993 1114 3033 23
1162 2990 1297 3044 gaete
1347 2989 1410 3031 M
1556 2992 1612 3031 26
1646 2987 1836 3031 6816161111

144 3045 296 3090 ferant
329 3047 390 3090 M
509 3051 564 3091 32
598 3049 794 3106 reciteat
827 3048 890 3090 M
