1939 3197
84 531 104 563 5

61 897 103 928 10

58 1639 101 1670 20

129 78 238 130 220
688 80 890 125 sERMo
923 83 957 138 1,
992 88 1032 138 6,
1068 87 1255 126 12—23.

127 215 468 284 periphrasin
494 218 672 268 autem
696 217 1003 269 necessario
1028 217 1170 287 fecit,
1212 218 1350 270 sicut
1372 217 1658 270 Lucilius
1698 237 1820 271 cum

129 288 258 341 dicit
295 288 518 341 Ualeri
559 291 885 342 sententia
925 291 1048 361 dia,
1090 292 1216 361 quia
1256 293 1457 345 scilicet
1494 310 1694 344 nomen
1716 293 1820 346 hoc

129 366 384 430 quattuor
421 364 668 415 breuium
709 364 1039 432 syllabarum
1079 369 1175 435 est,
1215 368 1269 418 et
1307 366 1375 418 ob
1414 366 1468 418 id
1507 384 1619 418 non
1642 369 1824 434 potest

127 436 185 488 in
222 436 595 492 hexametrum
635 455 850 489 uersum
890 439 1068 508 recipi.
1187 440 1252 492 12
1292 440 1455 492 unde
1497 438 1822 508 Superbus

130 509 535 579 Tarquinius.
590 512 730 563 unde
765 530 863 580 pro
891 531 921 564 a
948 532 1068 582 quo.
1147 513 1512 566 Terentius:
1552 514 1599 566 E
1640 532 1821 582 prae-

129 584 400 636 donibus
451 586 611 637 unde
677 589 916 638 emerat
979 604 1040 639 se
1105 588 1375 640 audisse.
1502 588 1568 639 13
1632 589 1821 640 unius

129 658 293 709 assis
348 676 474 711 non
528 678 816 729 umquam
872 661 1083 729 pretio
1131 661 1338 729 pluris
1378 661 1657 714 licuisse.
1732 661 1821 714 hic

127 729 348 783 Publius
388 732 636 786 Ualerius
692 734 823 786 adeo
878 735 1051 787 foedis
1103 737 1157 787 613
1209 736 1461 804 proiectis
1509 736 1566 787 in
1607 753 1823 788 omnem

126 806 516 874 turpitudinem
557 808 794 861 moribus
849 809 1006 878 uixit,
1063 812 1126 861 ut
1170 809 1395 877 prouehi
1435 828 1547 862 non
1585 810 1824 878 potuerit

126 880 270 932 ultra
310 882 673 949 quaestoriam
714 882 1048 951 dignitatem.
1097 901 1225 953 ergo
1267 902 1453 935 sensus
1495 886 1596 935 est:
1638 902 1822 953 quam-

126 954 208 1005 uis
270 955 501 1023 populus
565 956 869 1008 adsueuerit
921 957 1156 1009 honores
1206 957 1331 1009 dare
1378 957 1639 1027 indigniS‚
1695 958 1822 1010 dum

125 1027 299 1079 titulis
341 1031 500 1097 atque
541 1030 866 1099 imaginibus
906 1035 1169 1100 mouetur,
1208 1034 1391 1083 tamen
1414 1032 1503 1083 ille
1528 1032 1651 1083 uilis
1678 1032 1820 1100 apud

127 1101 352 1153 eundem
392 1104 652 1172 populum
691 1104 795 1155 fuit
832 1108 1157 1174 notatusque
1206 1106 1273 1157 ab
1314 1123 1375 1157 eo
1418 1108 1520 1174 est,
1575 1105 1823 1173 quamuis

127 1175 289 1226 etiam
329 1178 557 1244 populus
597 1178 834 1246 indignis
875 1178 1106 1231 honores
1146 1179 1421 1231 tribueret.
1541 1180 1605 1231 17
1671 1180 1819 1248 quid

80 1261 99 1293 5
129 1252 384 1317 oportet
422 1269 538 1303 nos
578 1251 789 1303 facere
831 1271 861 1303 a
901 1252 1096 1319 uulgo
1136 1254 1326 1323 longe
1365 1254 1686 1322 longeque
1725 1271 1819 1305 re-

125 1325 345 1375 motos
407 1342 675 1393 namque
717 1328 827 1377 est.
907 1330 1108 1395 quanto
1148 1345 1271 1396 nos,
1326 1327 1524 1395 inquit,
1581 1327 1669 1396 qui
1708 1346 1820 1380 non

125 1397 424 1466 uulgariter
495 1400 732 1467 sapimus
802 1401 981 1452 minus
1052 1402 1232 1453 mirari
1296 1402 1635 1453 nobilitatem
1698 1420 1820 1454 con-

123 1473 295 1523 temtu
387 1473 708 1542 ignobilium
787 1474 1063 1526 debemus!
1225 1476 1295 1527 22
1381 1476 1680 1544 quoniam
1756 1476 1823 1528 in

125 1546 387 1613 propria
439 1565 566 1599 non
620 1549 789 1616 pelle
843 1549 1173 1617 quiessem.
1252 1568 1315 1601 ex
1353 1549 1636 1617 prouerbio
1679 1568 1821 1602 sum-

125 1621 279 1686 ptum
319 1623 414 1671 est.
493 1639 583 1673 eos
624 1640 879 1690 namque,
921 1623 1012 1692 qui
1058 1623 1444 1675 mediocritatis
1486 1641 1611 1675 suae
1652 1624 1825 1694 obliti,

126 1693 333 1745 maiora
388 1712 442 1745 se
499 1695 628 1762 ipsis
669 1696 952 1765 adpetunt,
1017 1697 1247 1749 solemus
1288 1697 1461 1749 dicere
1501 1715 1613 1750 non
1653 1699 1822 1750 conti-

124 1784 251 1818 nere
290 1768 434 1819 intra
471 1769 779 1837 pelliculam
819 1789 986 1822 suam.
1063 1773 1116 1822 et
1146 1770 1250 1823 hoc
1290 1771 1493 1823 scilicet
1522 1771 1646 1823 inde
1680 1790 1820 1823 sum-

123 1843 278 1909 ptum
318 1845 419 1910 est,
475 1843 616 1910 quod
670 1846 878 1895 ueteres
917 1845 974 1896 in
1013 1845 1242 1912 pellibus
1284 1845 1592 1897 dormirent.
1670 1846 1819 1898 cuius

122 1914 201 1966 rei
255 1917 309 1966 et
346 1914 635 1968 Lucilius
697 1918 852 1969 testis
917 1921 1021 1986 est,
1086 1937 1205 1971 cum
1269 1918 1611 1984 dicit†Per
1664 1920 1818 1972 mihi

82 1989 362 2041 5lectum
402 1990 664 2059 inposui
703 1992 922 2060 pedem
962 1993 1245 2061 pellibus
1285 1993 1485 2061 labeS‚
1540 1996 1593 2045 613
1630 1993 1819 2052 Plau-

123 2065 247 2131 tus,
286 2080 406 2114 cum
448 2064 511 2115 de
553 2083 659 2116 anu
699 2066 845 2117 ebria
884 2067 1174 2136 iocaretur‚
1229 2067 1306 2119 ait
1365 2066 1437 2118 In
1476 2067 1667 2135 pellis
1713 2085 1818 2136 pe-

122 2136 395 2188 riculum
434 2140 863 2207 portenditur.
979 2141 1048 2193 23
1107 2141 1213 2193 sed
1268 2141 1563 2210 fulgente
1610 2142 1819 2194 trahit

124 2211 517 2264 constrictos
567 2214 780 2282 gloria'
823 2232 1023 2266 curru,
1086 2233 1273 2267 sensus
1315 2217 1416 2267 est:
1455 2215 1598 2284 rapit
1638 2215 1813 2268 omnis

244 2361 265 2398 1
315 2356 462 2400 Lucil.
494 2356 658 2413 fragm.
691 2359 778 2403 inc.
816 2365 897 2403 102
1023 2366 1047 2403 5
1079 2360 1195 2404 Ε1111.
1232 2367 1270 2416 1,
1305 2366 1345 2417 2,
1379 2366 1435 2404 34
1579 2365 1636 2403 24
1667 2360 1819 2404 Lucil.

121 2412 287 2470 fragm.
320 2415 404 2472 III,
438 2420 492 2458 41
617 2422 673 2460 25
705 2417 928 2462 Plautus?

245 2538 266 2575 1
299 2533 547 2588 perlfrasm
573 2535 636 2576 M
693 2541 718 2578 3
754 2537 801 2579 et
834 2536 912 2580 ob:
945 2537 1047 2580 Eob
1073 2538 1136 2580 M
1192 2543 1220 2580 4
1253 2537 1528 2580 exam&rum
1555 2538 1617 2580 M
1676 2541 1701 2581 5
1725 2539 1817 2582 ter-

120 2592 310 2636 rentius.
375 2593 680 2648 epredombus
713 2595 777 2637 M
904 2601 926 2639 7
961 2610 1217 2652 numquam
1247 2596 1602 2652 precipleplurls
1635 2597 1698 2639 M

123 2654 148 2693 8
180 2649 298 2694 fedis
332 2651 394 2694 M
514 2656 568 2694 14
611 2655 760 2696 exitus
790 2655 950 2698 scholii
973 2656 1213 2711 principio
1246 2656 1357 2699 adeo
1381 2669 1477 2711 par
1508 2659 1586 2710 est,
1616 2659 1670 2699 ut
1697 2656 1816 2711 ferri

120 2714 312 2764 nequeat
352 2710 430 2765 (cf.
472 2715 699 2755 comment.
735 2711 905 2769 Cruq.).
970 2718 1075 2758 ante
1121 2728 1293 2758 nouum
1345 2715 1547 2758 scholion
1602 2714 1818 2770 quamuis

122 2766 264 2810 etiam
304 2772 381 2812 etc.
424 2770 582 2814 lemma
622 2772 669 2813 et
706 2770 859 2815 famae
902 2773 1046 2817 seruit
1082 2773 1268 2829 ineptus
1316 2774 1576 2817 addendum
1613 2774 1811 2817 uidetur.

241 2831 294 2870 15
327 2841 356 2870 a
385 2828 550 2884 uulgo:
583 2842 704 2885 augo
738 2830 800 2873 M
891 2837 944 2875 17
978 2834 1184 2876 contenti
1218 2833 1280 2876 M
1377 2837 1429 2876 19
1463 2832 1636 2889 pellem
1669 2832 1732 2875 M

121 2888 175 2927 21
208 2886 437 2930 contineri
467 2889 542 2931 uel
576 2888 810 2932 continere
843 2904 890 2933 se
924 2906 953 2946 ς
1075 2897 1129 2935 23
1162 2892 1342 2935 ueteres
1371 2904 1476 2935 rnos:
1508 2891 1721 2934 ductores
1755 2890 1825 2934 M

238 2949 295 2987 24
326 2945 500 2989 lectum
531 2946 765 2990 Perminxi
795 2948 1070 3006 inposuique
1101 2950 1366 3006 pudendam
1405 2949 1601 3007 pellibu'
1651 2949 1814 2993 labem

119 3000 233 3045 Jan.
266 3003 431 3048 Dousa
554 3011 608 3050 26
641 3006 822 3051 iocatur
855 3010 902 3052 et
935 3009 1032 3053 ait?
1155 3014 1210 3053 28
1244 3010 1527 3065 conscnptos
1561 3008 1624 3052 M
