1939 3197
160 117 267 169 228
724 116 928 164 SERMO
960 118 994 172 Ι,
1029 122 1068 172 7,
1104 122 1293 163 19—28.

162 274 193 307 a
246 253 505 307 Diomede
563 254 752 322 aereiS‚
808 254 951 322 quod
1015 254 1157 323 apud
1210 253 1554 307 Homerum
1614 255 1672 306 in
1727 253 1856 307 Zeta

159 328 358 381 Iliados
399 328 612 397 legitur.
757 328 823 380 19
863 327 1088 397 Rupili
1128 332 1188 381 et
1226 328 1405 381 Persi
1442 348 1556 398 par
1593 333 1856 399 pugnat.

160 403 468 456 ioculariter
515 402 919 455 contentionem
963 402 1159 456 horum
1207 403 1281 455 sic
1327 403 1494 456 refert
1539 404 1692 472 quasi
1744 404 1855 473 gla—

162 477 447 530 diatoriam
485 494 743 547 pugnam.
861 477 927 529 19
969 477 1064 529 uti
1103 496 1232 530 non
1272 479 1683 546 conpositum
1733 496 1855 530 me·

117 553 286 605 5lius
328 570 464 604 cum
503 550 696 605 Bitho
737 551 1070 604 Bacchius.
1124 551 1320 604 Bithus
1361 555 1414 604 et
1437 551 1702 605 Bacchius
1743 553 1854 621 gla-

163 627 398 679 diatores
455 626 648 694 optimi
701 626 807 678 illis
864 626 1200 695 temporibus
1255 626 1490 678 fuerunt.
1591 627 1682 695 qui
1736 645 1858 679 cum

162 702 362 754 multos
401 701 803 753 interemissent
844 701 1114 753 commissi
1152 701 1294 753 inter
1334 719 1389 753 se
1429 701 1630 754 mutuis
1669 701 1856 754 uulne-

161 776 311 828 ribus
352 775 718 829 conciderunt.
775 778 829 828 et
868 794 989 827 cum
1023 775 1210 828 eodem
1237 777 1479 845 tempore
1505 776 1697 840 mulier
1722 794 1856 845 quae

161 849 270 902 VII
325 851 590 903 extulerat
644 850 872 902 nuberet
927 851 975 902 ei
1031 850 1122 919 qui
1176 868 1371 903 uxores
1425 849 1532 902 VII
1592 850 1860 918 amiserat,

95 946 138 979 10
164 925 522 993 compositum
571 927 652 977 est
700 925 1032 994 epigramma
1083 925 1190 976 tale
1241 922 1269 951 ’³⁴
1316 924 1361 976 ἧς.
1512 925 1581 977 23
1637 924 1877 977 laudat·

162 998 431 1051 Brutum
476 999 825 1068 laudatque
874 999 1216 1052 cohortem.
1318 999 1595 1052 cohortem
1636 999 1860 1052 comites

164 1074 295 1125 dicit
332 1073 514 1141 Bruti,
555 1074 646 1142 qui
684 1074 743 1125 in
783 1073 1008 1125 consilio
1050 1073 1161 1125 eius
1204 1076 1372 1125 erant.
1467 1075 1542 1125 sic
1582 1077 1635 1125 et
1674 1073 1763 1126 Lu
1776 1074 1859 1125 ci-

162 1148 289 1200 lius
339 1148 416 1199 ait
462 1146 546 1200 Ut
596 1147 921 1216 praetoris
978 1147 1209 1200 cohors
1266 1150 1326 1199 et
1371 1146 1642 1200 Nostius
1697 1148 1863 1200 dixit

165 1240 453 1290 aruspex.
603 1222 674 1274 25
724 1240 944 1274 canem
992 1222 1176 1274 illum
1223 1222 1507 1274 inuisum
1546 1222 1860 1292 agricolis

98 1318 142 1351 15
168 1296 344 1349 sidus
384 1297 644 1349 uenisse
684 1297 931 1351 ruebat.
1010 1299 1299 1365 oportune,
1339 1296 1592 1366 quoniam
1632 1297 1861 1350 laudans

164 1371 393 1423 Brutum
442 1375 496 1423 et
542 1372 764 1424 comites
812 1371 925 1423 eius
973 1372 1074 1424 soli
1124 1374 1178 1423 et
1218 1372 1384 1424 stellis
1425 1371 1730 1424 salubribus
1771 1389 1862 1424 eos

167 1449 575 1515 conparauerat,
613 1445 819 1516 Regem
860 1464 1019 1515 quem
1059 1449 1277 1498 accusat
1317 1446 1590 1499 caniculae
1637 1445 1742 1499 hoc
1782 1449 1863 1498 est

165 1521 442 1589 pestilenti
482 1521 641 1573 sideri
682 1523 974 1589 comparat.
1128 1521 1198 1573 26
1239 1521 1470 1573 ruebat
1508 1520 1755 1573 flumen
1793 1524 1863 1572 ut

164 1595 506 1647 hibernum
544 1595 754 1647 fertur
794 1614 914 1664 quo
954 1614 1100 1647 rara
1140 1595 1400 1647 securis,
1462 1597 1616 1648 tanto
1641 1595 1863 1663 impetu,

100 1692 143 1724 20
166 1669 358 1738 inquit,
399 1669 671 1738 eloquium
712 1688 802 1722 ore
843 1669 1175 1737 effundebat,
1223 1672 1427 1737 quanta
1465 1669 1521 1721 ui
1559 1669 1761 1721 flumen
1800 1687 1864 1721 ex

166 1744 444 1797 montibus
486 1744 762 1796 altissimis
802 1744 923 1796 ruit.
1015 1743 1119 1796 hoc
1160 1744 1304 1795 enim
1345 1744 1616 1813 significat
1652 1743 1864 1796 fertur
1929 1746 1932 1747 ⁷

168 1838 287 1887 quo
335 1837 479 1871 rara
527 1819 786 1871 securis.
887 1837 1015 1870 nam
1062 1818 1247 1886 utique
1295 1836 1409 1870 non
1453 1817 1610 1870 facile
1658 1818 1769 1870 itur
1805 1818 1864 1870 in

168 1912 230 1945 ea
275 1894 396 1946 loca
444 1892 511 1945 ad
560 1893 891 1945 caedendum
937 1893 1169 1962 lignum,
1218 1911 1352 1961 quae
1404 1892 1514 1944 sint
1552 1893 1714 1945 nimis
1755 1893 1865 1944 alta

167 1973 316 2035 atquc
356 1968 634 2037 abmpta.-
700 1968 770 2020 28
812 1970 944 2019 tum
983 1966 1450 2019 Praenestinus
1492 1967 1664 2019 salso
1704 1967 1862 2019 mul-

102 2064 145 2096 25
169 2046 362 2111 toque
424 2042 663 2094 fluenti
726 2060 1032 2110 expressa
1095 2042 1360 2094 arbusto
1423 2041 1667 2111 regerit
1721 2059 1863 2094 con-

170 2117 334 2169 uitia
374 2117 567 2169 durus
608 2116 1043 2169 uindemiator
1083 2119 1144 2168 et
1183 2116 1485 2168 inuictus.
1560 2116 1766 2168 urbane
1803 2133 1864 2168 ac

172 2191 407 2260 copiose,
454 2191 653 2261 inquit,
698 2192 880 2244 locuto
929 2190 1114 2243 Persio
1161 2191 1396 2243 inuicem
1441 2188 1689 2259 Rupilius
1741 2208 1865 2243 con-

171 2265 306 2317 uitia
345 2266 544 2335 regerit
583 2285 696 2319 non
734 2265 913 2318 minus
954 2265 1227 2334 ridiculuS,
1266 2283 1428 2334 quam
1463 2264 1650 2317 rustici
1682 2264 1865 2317 uinde-

174 2340 427 2392 miatores
470 2341 646 2393 solent
686 2358 801 2393 esse
840 2340 899 2391 in
939 2358 1030 2392 eos
1069 2340 1321 2408 uiatoreS,
1361 2358 1392 2390 a
1432 2339 1624 2408 quibus
1659 2357 1756 2406 per
1780 2338 1865 2390 de-

107 2437 150 2469 30
174 2414 341 2466 risum
382 2415 575 2466 cuculli
616 2415 972 2483 appellantur.
1048 2432 1173 2465 nam
1222 2414 1398 2466 solent
1449 2413 1512 2464 de
1551 2412 1642 2464 uia
1679 2413 1868 2464 rustici

298 2567 318 2603 1
354 2560 407 2604 Il.
443 2566 482 2614 6,
516 2565 602 2604 234
727 2566 779 2604 12
814 2560 961 2604 Lucil.
993 2559 1158 2615 fragm.
1191 2559 1280 2603 inc.
1313 2564 1368 2604 32

298 2701 320 2738 1
355 2695 449 2739 c&a
480 2694 655 2738 eliados
689 2694 751 2737 M
870 2700 895 2738 2
929 2694 1089 2751 persssi
1119 2706 1206 2749 par
1235 2707 1406 2749 pugna.
1443 2693 1506 2736 M
1622 2698 1648 2736 3
1682 2695 1868 2736 conten-

176 2757 358 2799 tionum
393 2754 455 2797 M
572 2753 637 2797 sic
697 2766 779 2797 ‘nos
811 2757 852 2797 et
884 2754 996 2797 liber
1029 2753 1085 2798 P.
1117 2753 1356 2796 Danielis:
1388 2768 1428 2796 si
1462 2752 1524 2795 M
1640 2756 1667 2795 5
1699 2751 1868 2796 baccus

180 2815 243 2858 M
271 2815 340 2858 bis
474 2818 500 2857 9
531 2812 705 2856 nubere
740 2813 803 2856 M
937 2818 991 2856 13
1024 2813 1220 2869 pr&ores
1254 2812 1318 2855 M
1461 2817 1516 2855 14
1547 2824 1776 2867 auruspex
1810 2812 1873 2854 M
1921 2811 1925 2814 ⁴

300 2879 354 2918 16
388 2873 618 2917 salubrius
650 2872 714 2915 M
879 2877 933 2917 18
967 2872 1127 2916 Sideris
1160 2872 1225 2916 M
1397 2877 1450 2916 19
1481 2883 1869 2914 rararasecucuns
1924 2895 1927 2898 «

182 2932 244 2975 M
363 2938 419 2976 20
452 2946 528 2977 ore
559 2931 801 2987 fundebat,
833 2946 857 2976 e
888 2945 922 2976 3.
960 2932 988 2976 l.
1022 2932 1196 2987 addita,
1233 2931 1295 2974 M
1412 2934 1466 2974 25
1499 2930 1689 2974 arbusta
1721 2930 1785 2974 M
1920 2963 1922 2966 ψ

180 2992 584 3095 zisuipetffignffiur
615 2992 678 3034 M
834 2996 889 3035 28
922 2991 1122 3047 riclulus,
1164 3004 1220 3034 cu
1250 3004 1285 3034 s.
1318 2991 1362 3046 L,
1398 2989 1461 3033 Μ
1614 2993 1671 3033 30
1703 2989 1759 3033 de
1791 2989 1870 3033 uia.
