1939 3197
173 83 280 135 120
865 81 983 126 ODE
1015 81 1095 135 III,
1127 85 1198 125 30.

173 220 416 289 Aegypti
469 221 695 287 structa,
749 221 810 269 ut
863 218 1006 268 inter
1068 220 1275 285 septem
1329 217 1590 269 miracula
1627 217 1866 269 habean-
1926 212 1933 242 ²

179 298 283 347 tur.
398 294 430 346 3
487 311 614 346 non
655 292 873 360 aquilo
913 292 1222 361 inpotens
1265 310 1362 361 pro
1406 291 1588 343 eualde
1629 291 1869 360 potens’.

177 370 205 420 7
264 386 466 436 usque
530 383 646 436 ego
709 368 970 435 postera
1032 384 1313 418 crescam
1373 366 1563 418 laude
1631 383 1871 418 recens,

175 443 471 512 eleganter,
535 441 660 509 quia
716 458 926 508 semper
981 443 1130 509 sunt,
1192 440 1383 509 quibus
1444 441 1578 492 haec
1640 440 1874 492 elocutio

129 532 319 570 5noua
360 516 428 568 sit
454 518 507 567 et
529 515 792 567 laudetur.
908 515 939 567 8
981 515 1122 566 dum
1164 512 1559 582 Capitolium
1602 514 1873 566 scandet

176 609 313 643 cum
353 590 558 642 tacita
596 589 852 658 uirgine
891 588 1209 657 pontifex,
1285 589 1392 640 tale
1434 592 1516 640 est
1554 588 1686 640 illud
1711 586 1868 640 Uer·
1932 582 1934 584 ’

176 665 510 734 gilianum:
566 663 727 716 Dum
776 663 996 715 domus
1047 662 1301 715 Aeneae
1343 661 1630 731 Capitoli
1669 662 1876 714 inmo·
1922 675 1932 680 ”

175 740 304 792 bile
347 757 564 791 saxum
604 738 889 790 Accolet.
1007 738 1076 789 10
1131 737 1433 805 Aufidus,
1486 737 1688 789 fiumen
1725 735 1872 804 Apu-

173 814 292 882 liae,
333 814 391 865 in
433 831 538 882 qua
577 812 836 865 Horatius
861 815 1021 864 natus
1048 815 1142 864 est.
1262 812 1325 863 11
1369 815 1431 863 et
1470 830 1590 880 qua
1628 829 1880 879 pauper

109 905 152 937 10
178 906 376 956 aquae
415 887 682 939 Daunus
724 886 1078 956 agrestium
1118 887 1424 956 regnauit
1469 886 1878 955 populorum.

176 961 404 1015 Daunus
458 963 516 1013 in
554 961 756 1030 Apulia
809 961 1081 1031 regnauit,
1145 979 1175 1012 a
1223 961 1371 1013 cuius
1418 961 1637 1013 nomine
1676 959 1873 1011 fluuius

179 1037 480 1105 appellatus
523 1039 628 1104 est3
671 1036 760 1103 qui
799 1053 1002 1104 pauper
1043 1053 1212 1104 aquae
1254 1035 1470 1103 dicitur,
1511 1034 1637 1102 quia
1676 1033 1879 1101 Apulia

180 1111 460 1164 siticulosa
522 1113 606 1161 est
667 1110 736 1162 ob
790 1110 986 1162 nimios
1042 1110 1263 1161 calores,
1390 1110 1454 1160 11
1521 1108 1879 1178 agrestium

178 1185 488 1254 regnauit
548 1184 945 1252 populorum.
1023 1183 1333 1236 adnotanda
1384 1183 1614 1235 elocutio
1654 1199 1750 1250 per
1789 1199 1880 1251 ge-

114 1276 155 1309 15
180 1260 424 1311 netiuum
463 1258 709 1328 figurata.
829 1258 895 1310 12
937 1276 1007 1309 ex
1045 1257 1274 1309 humili
1312 1261 1558 1326 potens,
1615 1256 1880 1326 gloriatur

179 1333 432 1386 libertino
489 1335 643 1401 patre
697 1335 886 1384 natum
937 1351 991 1384 se
1040 1332 1105 1383 ad
1146 1335 1359 1384 tantam
1430 1331 1730 1384 claritatem
1771 1334 1879 1382 stu-

180 1408 390 1461 diorum
450 1407 772 1476 peruenisse.
951 1407 1016 1459 13
1095 1406 1392 1459 Aeolium
1469 1423 1725 1458 carmen
1802 1405 1878 1457 ad

178 1482 386 1534 Italos
428 1482 763 1533 deduxisse
802 1480 1035 1533 modos.
1112 1481 1337 1533 Aeolide
1378 1480 1606 1532 dialecto
1645 1479 1877 1531 Alcaeus

180 1556 378 1625 lyricus
441 1559 603 1624 poeta
663 1573 790 1607 usus
854 1557 947 1607 est.
1024 1558 1255 1607 testatur
1317 1572 1444 1624 ergo
1509 1572 1564 1606 se
1618 1552 1882 1605 Horatius

116 1649 161 1681 20
187 1630 379 1683 Graeci
442 1630 695 1682 carminis
758 1629 1150 1681 modulationes
1213 1629 1448 1697 primum
1509 1628 1568 1680 in
1627 1627 1880 1680 Latinam

180 1706 424 1774 linguam
471 1704 775 1756 contulisse.
895 1705 963 1755 14
1025 1721 1195 1755 sume
1259 1703 1626 1772 superbiam
1689 1719 1879 1770 quae-

184 1779 374 1831 sitam
433 1778 702 1830 meritiS.
782 1778 849 1829 ad
903 1777 1117 1830 Musam
1172 1778 1321 1846 dicit,
1386 1795 1447 1829 ac
1493 1795 1589 1845 per
1626 1776 1749 1844 hoc,
1813 1776 1883 1827 acl

185 1854 422 1906 studium
463 1871 633 1905 suum.
711 1852 928 1921 adroga‚
982 1853 1179 1920 inquit,
1236 1852 1336 1904 tibi
1376 1852 1604 1921 gloriam
1636 1851 1882 1902 ubertate

183 1927 390 1997 ingenii
454 1928 767 1996 quaesitam.
926 1926 993 1978 15
1069 1927 1428 1995 quaesitam
1505 1925 1756 1976 meritis
1820 1928 1881 1976 et

117 2020 159 2054 25
184 2002 338 2054 mihi
376 2001 695 2070 Delphica
748 2001 930 2053 lauro
987 2001 1173 2070 cinge
1214 2000 1440 2052 uolens
1479 1998 1882 2067 Melpomene

185 2095 438 2129 comam.
515 2074 780 2144 Delphica
818 2076 1000 2127 laurus
1042 2075 1247 2144 dicitur,
1288 2075 1413 2143 quia
1443 2073 1687 2142 Apollini
1728 2075 1886 2142 grata

185 2155 289 2219 est,
352 2150 443 2220 qui
474 2149 767 2219 Delphicus
815 2150 1116 2218 appellatur
1156 2150 1223 2201 ab
1263 2149 1394 2200 urbe
1434 2147 1683 2216 Delphis,
1746 2164 1881 2216 quae

186 2228 269 2276 est
301 2225 399 2276 sub
440 2223 711 2277 Parnasso
754 2228 959 2293 monte,
998 2223 1092 2276 ubi
1133 2224 1408 2276 oraculum
1449 2223 1561 2274 eius
1602 2225 1696 2274 est.

309 2361 330 2399 7
364 2355 476 2398 Aen.
512 2360 552 2410 9,
585 2360 670 2399 448

306 2479 330 2517 5
366 2473 523 2517 caud&
557 2474 619 2516 M
742 2477 764 2515 7
800 2487 905 2515 cum
938 2477 978 2515 et
1011 2471 1221 2527 capitolii
1257 2471 1319 2514 M
1446 2476 1471 2514 9
1507 2472 1683 2514 oratius
1719 2469 1781 2513 M

191 2539 245 2578 18
278 2533 490 2577 aeolidae
525 2533 587 2575 M
716 2537 768 2575 19
803 2534 976 2575 oratius
1012 2532 1074 2574 M
1215 2536 1266 2574 21
1302 2531 1383 2574 hoc
1413 2530 1547 2574 schol.
1579 2531 1790 2574 ultimum
1822 2533 1886 2572 est

187 2595 240 2638 in
274 2593 337 2636 M
481 2597 536 2635 23
591 2592 804 2635 ubertate
857 2604 961 2634 nos:
1016 2590 1234 2634 hbertate
1285 2590 1346 2632 M
1494 2593 1549 2633 25
1597 2588 1769 2632 delfica
1800 2589 1881 2642 bis,

187 2652 428 2721 appolhm,
463 2650 837 2706 delf1cus,delf1s
872 2650 934 2692 M
1037 2654 1092 2693 25
1127 2663 1311 2703 cingere
1346 2650 1408 2692 M
1498 2653 1553 2692 28
1585 2661 1825 2704 p,ernasso
1860 2661 1888 2691 e

188 2713 240 2755 in
273 2725 301 2755 a
333 2725 444 2754 corui
458 2711 573 2767 ‚M
689 2708 969 2752 POWIPONI
1006 2685 1419 2752 PORFYRIONIS
1461 2663 1887 2751 COMENTARI’O-

187 2777 323 2822 RVM
355 2778 466 2822 LIB.
499 2777 577 2820 ΙΙΙ·
609 2775 906 2820 EXPLICIT·
938 2774 1167 2818 INCIP1T
1198 2774 1394 2818 LIBER
1426 2775 1526 2818 ΗΠ.

859 2955 1214 2962 —————-—-——
