1939 3197
159 86 263 139 166
749 83 997 130 EPODON
1031 89 1083 128 13
1118 86 1165 128 et
1198 90 1266 129 14.

156 241 344 275 sensus
393 224 494 274 est:
549 222 680 273 haec
728 221 791 273 de
841 222 1032 289 quibus
1081 221 1340 274 sollicitus
1393 240 1448 274 es
1488 221 1716 274 fortasse
1757 222 1845 274 be·
1926 245 1939 279 ‚3

154 297 354 366 nigrius
401 296 650 348 restituet
695 295 796 348 tibi
844 296 994 364 deuS,
1050 296 1141 364 qui
1190 296 1334 348 uices
1385 296 1544 348 rebus
1597 296 1849 348 humanis
1928 300 1939 365 ς’

155 371 450 424 constituit.
602 370 633 420 9
699 373 759 420 et
812 370 944 421 fide
1001 368 1308 439 Cyllenea
1365 370 1419 421 id
1486 373 1588 422 est:
1652 370 1852 422 chorda
1931 367 1939 436 2‘3

155 463 316 513 quam
356 444 651 496 Mercurius
692 444 924 512 inuenit,
974 462 1033 496 ac
1074 463 1170 513 per
1208 444 1334 513 hoc)
1385 445 1516 512 lyra.
1634 445 1698 496 11
1742 463 1851 497 no·
1935 437 1939 500 ἓ

109 534 130 566 5
155 520 311 571 bilis
345 522 412 570 ut
445 518 676 587 grandi
709 518 946 569 cecinit
972 517 1333 571 Centaurus
1366 519 1639 571 alumno.
1688 517 1850 571 Chiro

157 593 360 644 scilicet
401 591 702 645 Centaurus
744 593 997 644 alumno
1039 592 1093 643 id
1135 596 1217 644 est
1255 591 1469 644 Achilli.
1582 592 1649 645 15
1688 591 1850 645 unde
1933 608 1939 671 '3

152 667 276 719 tibi
330 667 610 718 reditum
665 670 842 719 certo
900 666 1260 718 subtemine
1314 665 1552 719 Parcae
1608 684 1852 735 rupere.
1936 693 1939 700 ·

152 742 260 793 tale
308 744 389 792 est
438 744 491 792 et
539 741 671 793 illud
718 740 1148 809 Extremaque
1197 740 1403 794 Lauso
1452 740 1692 793 Parcae
1731 741 1852 792 fila

152 816 397 884 legunt.
555 816 620 867 16
674 833 787 867 nec
827 819 1028 867 mater
1069 816 1318 867 domum
1359 816 1616 867 caerula
1655 818 1715 867 te
1755 834 1850 866 re·
1935 817 1939 844 ·³

88 906 131 938 10
158 890 365 941 uehet.
442 907 538 958 per
569 892 797 942 matrem
830 889 1112 941 Thetidem
1161 892 1319 957 atque
1369 907 1432 941 ex
1471 889 1573 942 hoc
1613 892 1850 958 metony-
1935 908 1939 966 ¹:

154 964 322 1016 micos
363 982 508 1015 mare
549 965 943 1033 intellegamus,

681 1123 931 1167 EPODON
964 1123 1217 1167 CARMEN
1254 1129 1321 1167 14.

299 1215 515 1268 Mollis
567 1216 807 1268 inertia
860 1233 966 1267 0111
1016 1218 1265 1267 tantam
1313 1215 1654 1267 diffuderit
1702 1215 1847 1267 imis
1928 1258 1939 1292 Δ)

152 1290 552 1342 obliuionem
615 1290 931 1342 sensibus.
1040 1289 1107 1340 ad
1168 1289 1537 1342 Maecenatem
1598 1288 1851 1357 loquitur.
1934 1315 1939 1322 ·

90 1387 132 1419 15
160 1364 430 1433 significat
461 1365 614 1416 illum
645 1365 955 1433 frequenter
988 1364 1051 1415 de
1085 1381 1140 1415 se
1174 1382 1441 1432 quaerere,
1474 1381 1567 1415 cur
1594 1363 1851 1432 neglegat
1936 1403 1939 1408 J

155 1439 398 1490 carmina
447 1439 690 1491 scribere.
792 1438 982 1490 deinde
1032 1439 1186 1506 quasi
1236 1438 1689 1507 interrogationes
1737 1438 1850 1490 eius

154 1513 344 1565 uolens
386 1514 618 1583 'effugere
652 1531 889 1565 amorem
923 1515 1186 1565 causatur.
1290 1513 1318 1563 7
1361 1513 1658 1580 inceptos
1699 1512 1851 1564 olim
1930 1532 1939 1593 ‘3

153 1588 538 1655 promissum
589 1605 842 1639 carmen
889 1586 1132 1639 iambos
1190 1586 1262 1638 ad
1317 1586 1690 1638 umbilicum
1746 1586 1849 1637 ad-
1926 1618 1939 1642 .›,

155 1661 398 1713 ducere.
478 1661 658 1730 σχῆμα
709 1657 1054 1728 ἐπεξήγησιςι
1103 1661 1310 1713 iambos
1361 1678 1590 1712 carmen.
1668 1663 1851 1712 utrum
1916 1652 1939 1679 '⁴³

84 1759 128 1790 20
156 1734 303 1787 ‘olim
354 1735 698 1804 promissum'
751 1754 822 1787 an
875 1734 1022 1787 eolim
1068 1733 1349 1802 inceptos',
1400 1734 1713 1804 ambiguum
1753 1737 1851 1786 est.

303 1810 334 1861 8
386 1811 460 1861 ad
508 1810 880 1861 umbilicum
922 1808 1236 1860 adducere
1276 1827 1373 1877 pro
1416 1807 1589 1860 ‘finire
1631 1812 1684 1860 et
1724 1827 1849 1860 con-

157 1883 441 1936 summare’
485 1885 610 1952 quia
648 1884 706 1935 in
745 1884 850 1935 fine
891 1883 1013 1934 libri
1052 1883 1293 1934 umbilici
1333 1901 1396 1934 ex
1434 1882 1583 1951 ligno
1611 1885 1705 1934 aut
1730 1901 1849 1934 osse

154 1958 330 2010 solent
367 1958 512 2026 poni.
620 1958 651 2010 9
693 1976 820 2010 11011
861 1957 1051 2008 aliter
1094 1955 1302 2009 Samio
1346 1956 1571 2008 dicunt
1610 1956 1848 2008 arsisse

153 2030 460 2101 Bathyllo
516 2031 930 2084 Anacreonta
977 2031 1208 2082 Teium.
1310 2030 1538 2082 adtende
1602 2049 1697 2098 per
1759 2031 1849 2082 ab·

85 2130 128 2162 25
153 2106 381 2158 latiuum
423 2107 623 2159 dictum
665 2106 903 2158 arsisse
944 2104 1280 2173 Bathyllo,
1322 2123 1442 2157 cum
1469 2108 1523 2156 et
1560 2104 1649 2156 hic
1689 2122 1848 2173 saepe

153 2184 201 2232 et
245 2179 578 2250 Uergilius
626 2199 721 2249 per
774 2180 1140 2232 accusatiuum
1190 2179 1382 2231 dixerit
1427 2177 1848 2231 Formonsuni
1922 2186 1936 2203 ⁶

153 2257 376 2322 pastor
447 2253 746 2323 Corydon
820 2254 1087 2306 ardebat
1149 2251 1397 2305 Alexin.
1577 2254 1642 2304 12
1717 2271 1848 2304 non
1933 2258 1936 2262 ’

275 2406 300 2444 8
334 2401 474 2457 Uerg.
507 2400 620 2443 Aen.
657 2405 725 2454 10,
761 2405 846 2443 814
968 2405 1023 2443 26
1055 2399 1165 2442 Buc.
1200 2404 1240 2452 2,
1278 2404 1299 2440 1

274 2539 299 2577 3
332 2533 448 2577 fides
482 2533 723 2589 cyllenaea
756 2533 818 2575 M
907 2532 1046 2575 corda
1080 2532 1143 2574 M
1239 2535 1263 2574 5
1297 2544 1388 2574 000.
1423 2546 1489 2587 gr.
1526 2531 1588 2573 M
1686 2535 1709 2574 7
1744 2530 1849 2574 sub-
1921 2564 1939 2577 „

151 2593 360 2649 tegmine
381 2594 444 2636 M
548 2597 572 2636 8
605 2592 707 2635 laus
731 2604 766 2634 8.
799 2592 828 2634 l.
849 2591 911 2633 M
1021 2590 1122 2633 filia
1142 2591 1205 2633 M
1331 2597 1356 2634 9
1390 2590 1546 2633 cerula
1579 2626 1587 2633 .
1625 2625 1632 2633 .
1667 2589 1851 2633 reuehit
1919 2623 1939 2645 ,Ξ

156 2653 219 2695 M
338 2657 390 2695 13
424 2653 611 2695 tantum
645 2651 707 2693 M
829 2654 880 2693 15
914 2650 1209 2705 frequentem
1244 2650 1306 2692 M
1426 2654 1479 2692 17
1514 2649 1640 2705 olym
1672 2649 1736 2691 M
1913 2645 1939 2678 ἢ

157 2717 210 2755 19
245 2711 514 2756 ΕΦΕΞΗΕΙΕ
548 2710 611 2753 Μ
720 2710 878 2752 utrum
910 2709 1037 2765 olym
1070 2709 1132 2751 M
1243 2714 1298 2751 23
1333 2708 1425 2752 alio
1461 2742 1470 2751 .
1506 2743 1514 2752 .
1548 2709 1766 2751 dicuntur
1792 2707 1856 2750 M
1923 2707 1939 2753 {i

275 2776 332 2813 24
363 2770 563 2826 bacyllo,
596 2769 628 2812 h
659 2782 693 2811 s.
727 2769 771 2821 Z.5
799 2768 861 2810 M
883 2768 951 2811 bz's
1072 2767 1255 2812 Teium:
1292 2781 1397 2811 eum
1425 2768 1487 2810 M
1605 2772 1660 2810 25
1695 2769 1743 2810 et
1773 2765 1850 2809 hic
1920 2755 1939 2773 ’ᾖ

155 2843 294 2885 saepe
327 2830 375 2873 et
405 2843 509 2873 rnos:
549 2829 587 2872 85
624 2828 699 2871 his
739 2840 877 2882 saepe
912 2827 975 2869 M
1001 2827 1107 2880 fort.
1139 2827 1307 2869 rectius
1339 2827 1386 2870 et
1416 2825 1492 2869 hic
1523 2825 1624 2882 ipse
1654 2825 1732 2878 (cf.
1763 2829 1850 2867 sat.

155 2891 199 2939 1,
224 2892 265 2941 1,
291 2892 332 2932 5.
359 2889 429 2931 od.
455 2894 497 2941 1,
523 2892 598 2942 30,
623 2890 671 2941 7)
697 2889 757 2940 et,
783 2899 883 2929 cum
907 2886 1136 2929 Horatius
1159 2886 1362 2929 nonnisi
1385 2886 1457 2929 hie
1481 2889 1522 2928 et
1544 2885 1615 2928 od.
1640 2887 1682 2936 4,
1715 2888 1759 2936 9,
1791 2884 1851 2926 13
1911 2907 1922 2929 2.

156 2951 196 2988 et
237 2946 465 3003 Veryilius
487 2948 605 2991 Bne.
637 2951 686 2999 2,
717 2950 742 2988 1
778 2945 1041 2989 accusatiuo
1074 2958 1183 2988 casu
1222 2958 1333 2989 'tosus
1363 2945 1424 2988 sit
1566 2948 1620 2985 27
1662 2941 1854 2991 coridon
1910 2970 1922 2982 2

156 3005 220 3047 M
338 3006 758 3050 nonnelaboratum
794 3004 855 3046 M
1911 3003 1915 3034 έ
