1939 3197
153 107 259 160 104
747 94 866 142 ODE
898 91 976 147 ΠΙ,
1011 94 1063 133 17
1099 88 1147 131 et
1180 91 1249 130 18.

151 246 343 297 matur.
462 238 529 291 13
571 237 713 288 dum
751 232 939 301 potes
981 224 1226 278 aridum
1253 236 1556 289 compone
1580 215 1852 285 lignum.

154 337 293 372 cras
351 313 609 385 genium
663 323 831 360 mero
889 299 1146 354 curabis
1203 298 1263 348 et
1309 311 1500 364 porca
1553 291 1847 344 bimestri

155 411 291 446 cum
352 386 621 442 famulis
686 395 944 449 operum
1008 372 1253 426 solutis
1330 365 1755 437 intellegendum
1791 366 1850 417 in

156 468 286 520 uilla
327 482 423 516 sua
463 478 576 513 esse
615 455 883 520 Lamiam,
939 467 1095 519 quem
1141 447 1260 498 ideo
1299 444 1549 496 hortatur
1589 440 1731 510 apud
1769 439 1852 492 fo-

113 555 132 587 5
159 559 280 594 cum
320 534 539 607 epulari.
618 532 692 584 sic
734 529 877 580 enim
918 525 1094 577 solent
1131 518 1319 573 rustici
1363 517 1563 585 hieme,
1619 533 1738 567 cum
1777 514 1851 566 fe-

157 614 282 667 riati
324 613 463 664 sunt.
542 605 683 676 quod
722 604 901 672 ipsum
940 596 1315 650 manifestatur
1357 610 1420 643 ex
1459 608 1520 643 eo
1531 632 1544 659 ,
1596 588 1739 658 quod
1779 588 1853 640 di·

159 689 297 741 xerit
349 683 605 756 genium
658 676 914 732 curabis
967 690 1103 725 cum
1142 666 1407 721 famulis
1457 681 1716 733 operum
1757 681 1857 715 so—

160 763 334 816 lutis,
411 758 541 811 talia
582 756 709 808 sunt
748 751 891 804 enim
932 750 984 800 et
1007 747 1101 798 illa
1123 741 1531 812 Uergiliana:
1581 737 1858 789 ‘Inuitat

165 834 443 908 genialis
497 826 791 897 hiemps'.
871 823 1056 875 tAnte
1111 820 1324 871 focum
1380 815 1430 867 si
1484 812 1696 882 frigus
1737 810 1860 862 erit

100 926 140 956 10
168 912 219 964 si
259 908 484 962 messis
524 906 592 957 in
631 898 895 955 umbra'.

868 1029 988 1074 ODE
1021 1033 1062 1083 3,
1098 1031 1164 1070 18.

317 1130 531 1183 Faune
602 1123 1041 1195 Nympharum
1126 1112 1517 1184 fugientium
1604 1109 1866 1160 amator.

169 1207 419 1259 Faunum
457 1203 699 1269 inuocat,
755 1215 912 1267 quem
953 1193 1106 1246 aiunt
1144 1190 1378 1241 inferum
1423 1204 1484 1238 ac
1523 1183 1865 1253 pestilentem

173 1282 332 1333 deum
372 1296 509 1345 esse3
550 1273 842 1328 secundum
883 1286 1019 1339 quae
1060 1269 1114 1318 et
1155 1280 1299 1316 nunc
1323 1259 1585 1313 Horatius
1617 1255 1870 1325 loquitur,
1938 1282 1939 1304 l

107 1376 149 1407 15
175 1374 296 1409 cum
336 1371 458 1406 eum
500 1352 641 1418 orat,
694 1350 756 1400 ut
800 1344 937 1397 lenis
982 1359 1078 1410 per
1127 1355 1286 1409 agros
1336 1353 1461 1388 suos
1499 1332 1763 1398 transeat,
1818 1331 1872 1381 et

174 1427 509 1498 Uergilius
548 1426 607 1476 in
649 1421 876 1490 septimo
919 1415 1211 1486 significat,
1263 1429 1384 1463 cum
1424 1407 1566 1477 apud
1603 1403 1872 1473 Mephitin
1938 1400 1939 1403 ’

177 1502 421 1574 pestiferi
476 1499 654 1552 odoris
708 1493 962 1564 paludem
1007 1491 1189 1542 lucum
1222 1503 1362 1538 eum
1398 1483 1596 1535 habere
1638 1476 1875 1531 ostendit

180 1582 233 1630 et
270 1578 330 1629 in
369 1572 696 1628 consulendo
755 1567 969 1621 oraculo
1019 1564 1132 1616 eius
1172 1559 1342 1613 uideri
1381 1557 1552 1608 multa
1593 1553 1877 1606 simulacra

180 1651 329 1704 miris
369 1648 541 1701 modis
581 1643 869 1699 uolitantia
910 1642 1129 1707 [atque
1177 1634 1320 1687 imis
1363 1629 1733 1683 Acheronta
1773 1625 1877 1677 ad·
1938 1671 1939 1674 ,

115 1748 157 1780 20
181 1727 358 1778 fatur
397 1720 721 1785 Auernis}
812 1712 1204 1785 fugientium
1245 1709 1512 1760 amator:
1579 1720 1675 1772 per
1724 1699 1877 1752 lasci·
1938 1695 1939 1705 ’

182 1801 332 1853 uiam
375 1798 577 1850 scilicet
621 1791 963 1863 fugientium.
1042 1785 1197 1855 quale
1236 1781 1369 1834 illud
1410 1782 1492 1832 est
1588 1777 1670 1830 Et
1707 1773 1881 1844 fugit

185 1874 261 1928 ad
303 1872 535 1925 salices
575 1870 637 1920 et
677 1885 740 1919 se
782 1863 964 1933 cupit
1003 1863 1157 1913 ante
1197 1855 1422 1909 uideri.
1537 1849 1570 1905 5
1611 1850 1664 1903 si
1697 1851 1882 1901 tener

185 1949 377 2018 pleno
419 1944 592 1997 cadit
628 1940 870 1994 haedus
920 1953 1100 1990 anno.
1180 1930 1449 2002 significat
1488 1942 1698 1993 semper
1739 1940 1794 1975 se
1834 1921 1883 1974 ei

190 2019 620 2075 anniuersarium
676 2032 887 2069 sacrum
940 2009 1114 2063 haedo
1154 2006 1346 2058 facere.
1462 2002 1491 2053 7
1535 2000 1689 2052 uina
1751 2013 1883 2048 cre-

121 2118 164 2150 25
189 2101 414 2150 terrae.
493 2094 780 2145 creterram
818 2085 1045 2139 Ueneris
1096 2081 1333 2134 sodalem
1373 2076 1528 2139 dixit,
1584 2072 1709 2142 quia
1748 2070 1885 2122 sine

192 2170 420 2224 Cerere
469 2169 530 2219 et
566 2165 796 2217 Libero
844 2160 1049 2230 friget
1086 2155 1319 2208 Uenus.
1434 2150 1465 2202 9
1520 2147 1690 2201 ludit
1741 2144 1886 2197 her-

191 2246 348 2297 boso
389 2259 582 2311 pecus
624 2256 803 2292 omne
845 2251 1064 2302 campo
1107 2248 1242 2282 cum
1280 2226 1404 2279 tibi
1442 2243 1494 2277 11.
1534 2242 1574 2275 1.
1601 2221 1648 2273 d.
1724 2217 1884 2271 nonis

193 2315 583 2371 Decembribus
621 2311 884 2365 Faunalia
925 2310 1052 2360 sunt
1089 2306 1192 2357 hoc
1234 2304 1315 2354 est
1354 2300 1466 2352 dies
1504 2297 1674 2349 festus
1699 2291 1892 2360 Fauni,

195 2393 254 2445 in
309 2391 457 2443 cuius
518 2388 782 2440 honorem
844 2381 1073 2452 pecudes
1127 2375 1432 2430 lasciuiunt.
1589 2368 1654 2422 13
1715 2367 1889 2418 inter

131 2486 173 2517 30
199 2465 472 2519 audaces
511 2463 703 2530 lupus
744 2460 916 2511 errat
956 2471 1171 2524 agnos
1248 2467 1360 2501 non
1400 2446 1630 2514 ‘semper
1663 2441 1890 2494 audaces
1938 2458 1939 2498 l

320 2616 346 2655 8
380 2610 544 2665 Georg.
581 2613 619 2661 1,
653 2611 737 2650 302
862 2608 886 2646 9
919 2602 1029 2645 Buc.
1063 2604 1110 2654 5,
1153 2603 1207 2641 70
1332 2599 1385 2639 16
1418 2594 1532 2637 Aen.
1568 2594 1615 2646 7,
1657 2592 1711 2633 81
1746 2600 1844 2642 sqq.

322 2676 375 2715 21
409 2669 546 2724 Uerg.
580 2667 689 2710 Buc.
723 2671 763 2721 3,
798 2669 866 2709 65.
990 2664 1059 2703 25.
1094 2656 1279 2701 Terent.
1311 2653 1426 2696 Eun.
1461 2657 1501 2707 4,
1536 2654 1576 2705 5,
1611 2653 1650 2691 6.

326 2809 351 2848 2
408 2814 727 2858 merogemum
761 2797 823 2840 M
969 2791 1193 2836 bimestre
1221 2825 1229 2833 .
1257 2822 1264 2830 .
1300 2786 1447 2831 solitis
1482 2783 1544 2826 M
1698 2782 1723 2822 5
1757 2790 1895 2833 aepu-

205 2865 294 2908 lari
328 2863 390 2907 M
509 2866 534 2905 9
568 2860 616 2904 et
646 2858 754 2901 ante
781 2871 808 2911 ς
932 2859 985 2897 10
1018 2850 1232 2895 umbram
1267 2846 1329 2889 M
1457 2847 1508 2886 12
1541 2837 1805 2896 nymfarum
1837 2834 1901 2878 M

329 2927 382 2966 13
415 2920 665 2965 infestum?
788 2919 844 2958 14
876 2926 1015 2968 quem
1049 2910 1112 2953 M
1231 2911 1284 2950 16
1316 2903 1499 2948 mefitin
1525 2900 1588 2943 M
1707 2900 1760 2940 17
1794 2908 1901 2938 eum

213 2982 392 3037 Pauly:
425 2995 548 3025 emm
582 2978 644 3021 M
778 2979 831 3018 19
869 2971 997 3016 imis:
1043 2969 1156 3012 htus
1191 2965 1254 3009 M
1310 2963 1418 3007 haec
1448 2959 1594 3006 deleui
1745 2959 1800 2998 22
1831 2955 1902 2997 te÷

212 3056 294 3085 nes
327 3041 389 3083 M
509 3043 562 3083 23
595 3036 740 3080 hedus
775 3034 836 3077 M
956 3035 1012 3074 30
1043 3028 1178 3084 lupos
1205 3061 1214 3069 .
1242 3060 1250 3068 .
1285 3035 1431 3079 agnus
1465 3019 1528 3062 M
