<?xml version="1.0" encoding="UTF-8"?>
<!DOCTYPE html PUBLIC "-//W3C//DTD XHTML 1.0 Transitional//EN"
    "http://www.w3.org/TR/xhtml1/DTD/xhtml1-transitional.dtd">
<html xmlns="http://www.w3.org/1999/xhtml" xml:lang="en" lang="en">
 <head>
  <title>
</title>
<meta http-equiv="Content-Type" content="text/html;charset=utf-8" />
  <meta name='ocr-system' content='tesseract 3.04.00' />
  <meta name='ocr-capabilities' content='ocr_page ocr_carea ocr_par ocr_line ocrx_word'/>
</head>
<body>
  <div class='ocr_page' id='page_1' title='image "./pomponiiporphyri00pomp_0024.png"; bbox 0 0 1939 3197; ppageno 0'>
   <div class='ocr_carea' id='block_1_1' title="bbox 134 97 1181 153">
    <p class='ocr_par' dir='ltr' id='par_1_1' title="bbox 134 97 1181 153">
     <span class='ocr_line' id='line_1_1' title="bbox 134 97 1181 153; baseline -0.007 -4"><span class='ocrx_word' id='word_1_1' title='bbox 134 98 202 149; x_wconf 86' lang='lat'>10</span> <span class='ocrx_word' id='word_1_2' title='bbox 784 97 902 142; x_wconf 91' lang='lat' dir='ltr'>ODE</span> <span class='ocrx_word' id='word_1_3' title='bbox 934 99 969 153; x_wconf 87' lang='lat' dir='ltr'>I,</span> <span class='ocrx_word' id='word_1_4' title='bbox 1004 103 1029 142; x_wconf 83' lang='lat'>6</span> <span class='ocrx_word' id='word_1_5' title='bbox 1062 99 1110 143; x_wconf 87' lang='lat' dir='ltr'>et</span> <span class='ocrx_word' id='word_1_6' title='bbox 1142 103 1181 142; x_wconf 80' lang='lat'>7.</span> 
     </span>
    </p>
   </div>
   <div class='ocr_carea' id='block_1_2' title="bbox 57 233 1821 2373">
    <p class='ocr_par' dir='ltr' id='par_1_2' title="bbox 127 233 1819 524">
     <span class='ocr_line' id='line_1_2' title="bbox 127 233 1819 303; baseline 0.001 -17"><span class='ocrx_word' id='word_1_7' title='bbox 127 251 256 286; x_wconf 91' lang='lat' dir='ltr'>rem</span> <span class='ocrx_word' id='word_1_8' title='bbox 305 252 565 303; x_wconf 92' lang='lat' dir='ltr'>cumque</span> <span class='ocrx_word' id='word_1_9' title='bbox 612 233 794 286; x_wconf 84' lang='lat' dir='ltr'>ferox</span> <span class='ocrx_word' id='word_1_10' title='bbox 839 234 1114 286; x_wconf 87' lang='lat' dir='ltr'>nauibus</span> <span class='ocrx_word' id='word_1_11' title='bbox 1165 236 1274 285; x_wconf 87' lang='lat' dir='ltr'>aut</span> <span class='ocrx_word' id='word_1_12' title='bbox 1313 234 1492 303; x_wconf 89' lang='lat' dir='ltr'>equis</span> <span class='ocrx_word' id='word_1_13' title='bbox 1534 234 1717 287; x_wconf 88' lang='lat' dir='ltr'>miles</span> <span class='ocrx_word' id='word_1_14' title='bbox 1756 239 1819 288; x_wconf 90' lang='lat' dir='ltr'>te</span> 
     </span>
     <span class='ocr_line' id='line_1_3' title="bbox 129 307 1818 377; baseline 0.001 -17"><span class='ocrx_word' id='word_1_15' title='bbox 129 308 281 360; x_wconf 91' lang='lat' dir='ltr'>duce</span> <span class='ocrx_word' id='word_1_16' title='bbox 321 309 614 377; x_wconf 73' lang='lat' dir='ltr'><strong>gesserit.</strong></span> <span class='ocrx_word' id='word_1_17' title='bbox 675 308 910 377; x_wconf 89' lang='lat' dir='ltr'>figurata</span> <span class='ocrx_word' id='word_1_18' title='bbox 942 307 1241 377; x_wconf 79' lang='lat' dir='ltr'>eloquuti03</span> <span class='ocrx_word' id='word_1_19' title='bbox 1279 326 1408 359; x_wconf 88' lang='lat' dir='ltr'>nam</span> <span class='ocrx_word' id='word_1_20' title='bbox 1439 326 1561 360; x_wconf 91' lang='lat' dir='ltr'>cum</span> <span class='ocrx_word' id='word_1_21' title='bbox 1593 307 1818 361; x_wconf 86' lang='lat' dir='ltr'>dixisset</span> 
     </span>
     <span class='ocr_line' id='line_1_4' title="bbox 129 381 1817 451; baseline 0 -17"><span class='ocrx_word' id='word_1_22' title='bbox 129 382 466 451; x_wconf 87' lang='lat' dir='ltr'>scriberis,</span> <span class='ocrx_word' id='word_1_23' title='bbox 520 382 707 434; x_wconf 89' lang='lat' dir='ltr'>intulit</span> <span class='ocrx_word' id='word_1_24' title='bbox 761 400 947 451; x_wconf 87' lang='lat' dir='ltr'>quam</span> <span class='ocrx_word' id='word_1_25' title='bbox 1002 399 1131 433; x_wconf 88' lang='lat' dir='ltr'>rem</span> <span class='ocrx_word' id='word_1_26' title='bbox 1185 381 1368 433; x_wconf 91' lang='lat' dir='ltr'>miles</span> <span class='ocrx_word' id='word_1_27' title='bbox 1423 383 1702 451; x_wconf 89' lang='lat' dir='ltr'>gesserit</span> <span class='ocrx_word' id='word_1_28' title='bbox 1755 386 1817 434; x_wconf 93' lang='lat' dir='ltr'>te</span> 
     </span>
     <span class='ocr_line' id='line_1_5' title="bbox 129 455 1819 525; baseline 0.001 -18"><span class='ocrx_word' id='word_1_29' title='bbox 129 455 305 525; x_wconf 83' lang='lat' dir='ltr'>duce3</span> <span class='ocrx_word' id='word_1_30' title='bbox 355 456 583 524; x_wconf 84' lang='lat' dir='ltr'>simplex</span> <span class='ocrx_word' id='word_1_31' title='bbox 623 459 803 508; x_wconf 87' lang='lat' dir='ltr'>autem</span> <span class='ocrx_word' id='word_1_32' title='bbox 839 456 974 508; x_wconf 90' lang='lat' dir='ltr'>haec</span> <span class='ocrx_word' id='word_1_33' title='bbox 1013 455 1289 524; x_wconf 90' lang='lat' dir='ltr'>eloquutio</span> <span class='ocrx_word' id='word_1_34' title='bbox 1330 458 1468 508; x_wconf 87' lang='lat' dir='ltr'>erat:</span> <span class='ocrx_word' id='word_1_35' title='bbox 1518 456 1819 508; x_wconf 72' lang='lat' dir='ltr'><strong>scribentur</strong></span> 
     </span>
    </p>

    <p class='ocr_par' dir='ltr' id='par_1_3' title="bbox 61 530 1821 1487">
     <span class='ocr_line' id='line_1_6' title="bbox 82 530 1818 599; baseline 0 -18"><span class='ocrx_word' id='word_1_36' title='bbox 82 542 103 574; x_wconf 80' lang='grc'><strong>5</strong></span> <span class='ocrx_word' id='word_1_37' title='bbox 127 547 228 599; x_wconf 91' lang='grc'>100,</span> <span class='ocrx_word' id='word_1_38' title='bbox 264 547 630 599; x_wconf 88' lang='lat' dir='ltr'>quascumque</span> <span class='ocrx_word' id='word_1_39' title='bbox 670 530 826 582; x_wconf 91' lang='lat' dir='ltr'>miles</span> <span class='ocrx_word' id='word_1_40' title='bbox 867 530 1096 599; x_wconf 76' lang='lat' dir='ltr'>gesserit</span> <span class='ocrx_word' id='word_1_41' title='bbox 1133 532 1188 581; x_wconf 92' lang='lat' dir='ltr'>te</span> <span class='ocrx_word' id='word_1_42' title='bbox 1227 530 1372 581; x_wconf 91' lang='lat' dir='ltr'>duce.</span> <span class='ocrx_word' id='word_1_43' title='bbox 1460 531 1489 582; x_wconf 81' lang='lat'>7</span> <span class='ocrx_word' id='word_1_44' title='bbox 1529 547 1643 582; x_wconf 90' lang='lat' dir='ltr'>nec</span> <span class='ocrx_word' id='word_1_45' title='bbox 1682 548 1818 582; x_wconf 84' lang='lat' dir='ltr'>cur-</span> 
     </span>
     <span class='ocr_line' id='line_1_7' title="bbox 129 602 1821 672; baseline 0.001 -17"><span class='ocrx_word' id='word_1_46' title='bbox 129 622 233 656; x_wconf 92' lang='lat' dir='ltr'>sus</span> <span class='ocrx_word' id='word_1_47' title='bbox 291 604 566 672; x_wconf 88' lang='lat' dir='ltr'>duplicis</span> <span class='ocrx_word' id='word_1_48' title='bbox 622 621 733 671; x_wconf 90' lang='lat' dir='ltr'>per</span> <span class='ocrx_word' id='word_1_49' title='bbox 782 622 952 656; x_wconf 87' lang='lat' dir='ltr'>mare</span> <span class='ocrx_word' id='word_1_50' title='bbox 1000 602 1067 656; x_wconf 90' lang='lat' dir='ltr'>U.</span> <span class='ocrx_word' id='word_1_51' title='bbox 1144 603 1538 672; x_wconf 80' lang='lat' dir='ltr'>amphibolum3</span> <span class='ocrx_word' id='word_1_52' title='bbox 1591 621 1718 656; x_wconf 85' lang='lat' dir='ltr'>nam</span> <span class='ocrx_word' id='word_1_53' title='bbox 1765 608 1821 656; x_wconf 90' lang='lat' dir='ltr'>et</span> 
     </span>
     <span class='ocr_line' id='line_1_8' title="bbox 128 677 1819 747; baseline 0.001 -18"><span class='ocrx_word' id='word_1_54' title='bbox 128 678 406 746; x_wconf 85' lang='lat' dir='ltr'>duplicis</span> <span class='ocrx_word' id='word_1_55' title='bbox 445 677 662 730; x_wconf 85' lang='lat' dir='ltr'>Ulixei</span> <span class='ocrx_word' id='word_1_56' title='bbox 700 678 942 747; x_wconf 71' lang='lat' dir='ltr'>intellegi</span> <span class='ocrx_word' id='word_1_57' title='bbox 980 680 1176 747; x_wconf 86' lang='lat' dir='ltr'>potest,</span> <span class='ocrx_word' id='word_1_58' title='bbox 1217 677 1360 747; x_wconf 90' lang='lat' dir='ltr'>quod</span> <span class='ocrx_word' id='word_1_59' title='bbox 1392 678 1663 747; x_wconf 80' lang='lat' dir='ltr'>significat</span> <span class='ocrx_word' id='word_1_60' title='bbox 1697 679 1819 730; x_wconf 89' lang='lat' dir='ltr'>cal-</span> 
     </span>
     <span class='ocr_line' id='line_1_9' title="bbox 126 752 1817 821; baseline 0 -18"><span class='ocrx_word' id='word_1_61' title='bbox 126 752 265 821; x_wconf 85' lang='lat' dir='ltr'>lidi&#39;,</span> <span class='ocrx_word' id='word_1_62' title='bbox 327 756 381 804; x_wconf 87' lang='lat' dir='ltr'>et</span> <span class='ocrx_word' id='word_1_63' title='bbox 440 755 622 821; x_wconf 89' lang='lat' dir='ltr'>potest</span> <span class='ocrx_word' id='word_1_64' title='bbox 684 752 959 820; x_wconf 89' lang='lat' dir='ltr'>duplicis</span> <span class='ocrx_word' id='word_1_65' title='bbox 1024 770 1245 804; x_wconf 88' lang='lat' dir='ltr'>cursus</span> <span class='ocrx_word' id='word_1_66' title='bbox 1300 770 1397 820; x_wconf 87' lang='lat' dir='ltr'>per</span> <span class='ocrx_word' id='word_1_67' title='bbox 1449 753 1817 804; x_wconf 89' lang='lat' dir='ltr'>accusatiuum</span> 
     </span>
     <span class='ocr_line' id='line_1_10' title="bbox 126 826 1817 895; baseline 0 -17"><span class='ocrx_word' id='word_1_68' title='bbox 126 826 391 894; x_wconf 80' lang='lat' dir='ltr'>pluralem</span> <span class='ocrx_word' id='word_1_69' title='bbox 431 827 616 895; x_wconf 77' lang='lat' dir='ltr'>accipi,</span> <span class='ocrx_word' id='word_1_70' title='bbox 653 826 709 878; x_wconf 92' lang='lat' dir='ltr'>id</span> <span class='ocrx_word' id='word_1_71' title='bbox 748 829 852 878; x_wconf 87' lang='lat' dir='ltr'>est:</span> <span class='ocrx_word' id='word_1_72' title='bbox 893 826 1000 878; x_wconf 88' lang='lat' dir='ltr'>itus</span> <span class='ocrx_word' id='word_1_73' title='bbox 1041 844 1104 879; x_wconf 88' lang='lat' dir='ltr'>ac</span> <span class='ocrx_word' id='word_1_74' title='bbox 1141 826 1358 878; x_wconf 89' lang='lat' dir='ltr'>reditus.</span> <span class='ocrx_word' id='word_1_75' title='bbox 1459 827 1491 879; x_wconf 84' lang='lat'>8</span> <span class='ocrx_word' id='word_1_76' title='bbox 1530 844 1643 878; x_wconf 92' lang='lat' dir='ltr'>nec</span> <span class='ocrx_word' id='word_1_77' title='bbox 1684 844 1817 878; x_wconf 91' lang='lat' dir='ltr'>sae-</span> 
     </span>
     <span class='ocr_line' id='line_1_11' title="bbox 61 899 1818 968; baseline -0.001 -16"><span class='ocrx_word' id='word_1_78' title='bbox 61 913 103 944; x_wconf 90' lang='lat'>10</span> <span class='ocrx_word' id='word_1_79' title='bbox 127 919 268 952; x_wconf 88' lang='lat' dir='ltr'>uam</span> <span class='ocrx_word' id='word_1_80' title='bbox 306 899 565 968; x_wconf 88' lang='lat' dir='ltr'>Pelopis</span> <span class='ocrx_word' id='word_1_81' title='bbox 607 900 869 954; x_wconf 90' lang='lat' dir='ltr'>domum.</span> <span class='ocrx_word' id='word_1_82' title='bbox 929 903 1092 953; x_wconf 91' lang='lat' dir='ltr'>notae</span> <span class='ocrx_word' id='word_1_83' title='bbox 1131 899 1389 952; x_wconf 73' lang='lat' dir='ltr'>historiae</span> <span class='ocrx_word' id='word_1_84' title='bbox 1423 903 1550 952; x_wconf 87' lang='lat' dir='ltr'>sunt</span> <span class='ocrx_word' id='word_1_85' title='bbox 1582 900 1645 951; x_wconf 92' lang='lat' dir='ltr'>de</span> <span class='ocrx_word' id='word_1_86' title='bbox 1678 899 1818 952; x_wconf 85' lang='lat' dir='ltr'>Tan-</span> 
     </span>
     <span class='ocr_line' id='line_1_12' title="bbox 125 973 1821 1044; baseline 0.001 -18"><span class='ocrx_word' id='word_1_87' title='bbox 125 975 223 1026; x_wconf 88' lang='lat' dir='ltr'>tali</span> <span class='ocrx_word' id='word_1_88' title='bbox 278 991 494 1044; x_wconf 92' lang='lat' dir='ltr'>genere,</span> <span class='ocrx_word' id='word_1_89' title='bbox 549 993 613 1026; x_wconf 87' lang='lat' dir='ltr'>ex</span> <span class='ocrx_word' id='word_1_90' title='bbox 669 993 773 1043; x_wconf 91' lang='grc'>(1110</span> <span class='ocrx_word' id='word_1_91' title='bbox 813 974 1008 1043; x_wconf 86' lang='lat' dir='ltr'>Pelops</span> <span class='ocrx_word' id='word_1_92' title='bbox 1056 976 1204 1027; x_wconf 88' lang='lat' dir='ltr'>ortus</span> <span class='ocrx_word' id='word_1_93' title='bbox 1213 1016 1228 1042; x_wconf 95' lang='lat'>,</span> <span class='ocrx_word' id='word_1_94' title='bbox 1284 973 1472 1025; x_wconf 87' lang='lat' dir='ltr'>dei-nde</span> <span class='ocrx_word' id='word_1_95' title='bbox 1525 973 1725 1026; x_wconf 87' lang='lat' dir='ltr'>Atreus</span> <span class='ocrx_word' id='word_1_96' title='bbox 1766 978 1821 1027; x_wconf 87' lang='lat' dir='ltr'>et</span> 
     </span>
     <span class='ocr_line' id='line_1_13' title="bbox 127 1047 1818 1117; baseline 0.001 -18"><span class='ocrx_word' id='word_1_97' title='bbox 127 1047 416 1117; x_wconf 87' lang='lat' dir='ltr'>Thyestes,</span> <span class='ocrx_word' id='word_1_98' title='bbox 471 1049 659 1100; x_wconf 89' lang='lat' dir='ltr'>deinde</span> <span class='ocrx_word' id='word_1_99' title='bbox 708 1047 924 1101; x_wconf 88' lang='lat' dir='ltr'>Orestes</span> <span class='ocrx_word' id='word_1_100' title='bbox 936 1092 949 1117; x_wconf 90' lang='lat'>,</span> <span class='ocrx_word' id='word_1_101' title='bbox 1005 1049 1068 1100; x_wconf 91' lang='lat' dir='ltr'>de</span> <span class='ocrx_word' id='word_1_102' title='bbox 1119 1066 1345 1116; x_wconf 87' lang='lat' dir='ltr'>quorum</span> <span class='ocrx_word' id='word_1_103' title='bbox 1387 1048 1673 1100; x_wconf 81' lang='lat' dir='ltr'>sceleribus</span> <span class='ocrx_word' id='word_1_104' title='bbox 1710 1051 1818 1100; x_wconf 90' lang='lat' dir='ltr'>tra-</span> 
     </span>
     <span class='ocr_line' id='line_1_14' title="bbox 127 1122 1819 1192; baseline 0 -18"><span class='ocrx_word' id='word_1_105' title='bbox 127 1122 348 1191; x_wconf 90' lang='lat' dir='ltr'>goedias</span> <span class='ocrx_word' id='word_1_106' title='bbox 395 1123 638 1174; x_wconf 89' lang='lat' dir='ltr'>uidemus</span> <span class='ocrx_word' id='word_1_107' title='bbox 689 1123 1023 1192; x_wconf 90' lang='lat' dir='ltr'>conpositas,</span> <span class='ocrx_word' id='word_1_108' title='bbox 1080 1141 1306 1192; x_wconf 89' lang='lat' dir='ltr'>quarum</span> <span class='ocrx_word' id='word_1_109' title='bbox 1354 1122 1510 1174; x_wconf 90' lang='lat' dir='ltr'>stilus</span> <span class='ocrx_word' id='word_1_110' title='bbox 1559 1140 1671 1175; x_wconf 90' lang='lat' dir='ltr'>non</span> <span class='ocrx_word' id='word_1_111' title='bbox 1713 1122 1819 1174; x_wconf 89' lang='lat' dir='ltr'>nisi</span> 
     </span>
     <span class='ocr_line' id='line_1_15' title="bbox 127 1195 1820 1265; baseline 0.001 -18"><span class='ocrx_word' id='word_1_112' title='bbox 127 1196 456 1249; x_wconf 86' lang='lat' dir='ltr'>sublimitate</span> <span class='ocrx_word' id='word_1_113' title='bbox 505 1200 748 1265; x_wconf 89' lang='lat' dir='ltr'>ornatur,</span> <span class='ocrx_word' id='word_1_114' title='bbox 803 1197 887 1249; x_wconf 90' lang='grc'>0111</span> <span class='ocrx_word' id='word_1_115' title='bbox 936 1214 992 1248; x_wconf 85' lang='grc'>00</span> <span class='ocrx_word' id='word_1_116' title='bbox 1031 1199 1198 1263; x_wconf 87' lang='lat' dir='ltr'>negat</span> <span class='ocrx_word' id='word_1_117' title='bbox 1234 1195 1322 1248; x_wconf 91' lang='lat' dir='ltr'>hic</span> <span class='ocrx_word' id='word_1_118' title='bbox 1360 1199 1523 1264; x_wconf 88' lang='lat' dir='ltr'>poeta</span> <span class='ocrx_word' id='word_1_119' title='bbox 1562 1196 1820 1249; x_wconf 86' lang='lat' dir='ltr'>sufficere.</span> 
     </span>
     <span class='ocr_line' id='line_1_16' title="bbox 61 1270 1817 1340; baseline 0.001 -19"><span class='ocrx_word' id='word_1_120' title='bbox 61 1281 103 1313; x_wconf 86' lang='lat'>15</span> <span class='ocrx_word' id='word_1_121' title='bbox 244 1271 311 1322; x_wconf 76' lang='lat'>12</span> <span class='ocrx_word' id='word_1_122' title='bbox 352 1271 538 1339; x_wconf 87' lang='lat' dir='ltr'>culpa</span> <span class='ocrx_word' id='word_1_123' title='bbox 578 1271 865 1322; x_wconf 89' lang='lat' dir='ltr'>deterere</span> <span class='ocrx_word' id='word_1_124' title='bbox 910 1271 1178 1340; x_wconf 87' lang='lat' dir='ltr'>ingenii.</span> <span class='ocrx_word' id='word_1_125' title='bbox 1253 1270 1418 1321; x_wconf 87' lang='lat' dir='ltr'>belle:</span> <span class='ocrx_word' id='word_1_126' title='bbox 1475 1270 1632 1339; x_wconf 88' lang='lat' dir='ltr'>culpa</span> <span class='ocrx_word' id='word_1_127' title='bbox 1669 1270 1817 1339; x_wconf 89' lang='lat' dir='ltr'>inge-</span> 
     </span>
     <span class='ocr_line' id='line_1_17' title="bbox 124 1343 1818 1412; baseline 0.001 -18"><span class='ocrx_word' id='word_1_128' title='bbox 124 1344 217 1395; x_wconf 82' lang='lat' dir='ltr'>nii.</span> <span class='ocrx_word' id='word_1_129' title='bbox 277 1343 575 1396; x_wconf 89' lang='lat' dir='ltr'>humanum</span> <span class='ocrx_word' id='word_1_130' title='bbox 614 1344 808 1396; x_wconf 89' lang='lat' dir='ltr'>uitium</span> <span class='ocrx_word' id='word_1_131' title='bbox 851 1347 1029 1396; x_wconf 90' lang='lat' dir='ltr'>autem</span> <span class='ocrx_word' id='word_1_132' title='bbox 1067 1362 1179 1396; x_wconf 93' lang='lat' dir='ltr'>non</span> <span class='ocrx_word' id='word_1_133' title='bbox 1219 1343 1364 1396; x_wconf 89' lang='lat' dir='ltr'>aliud</span> <span class='ocrx_word' id='word_1_134' title='bbox 1404 1362 1566 1412; x_wconf 90' lang='lat' dir='ltr'>quam</span> <span class='ocrx_word' id='word_1_135' title='bbox 1603 1344 1818 1396; x_wconf 87' lang='lat' dir='ltr'>humili-</span> 
     </span>
     <span class='ocr_line' id='line_1_18' title="bbox 123 1417 1818 1487; baseline 0.001 -18"><span class='ocrx_word' id='word_1_136' title='bbox 123 1420 294 1469; x_wconf 89' lang='lat' dir='ltr'>tatem</span> <span class='ocrx_word' id='word_1_137' title='bbox 325 1419 444 1470; x_wconf 91' lang='lat' dir='ltr'>uult</span> <span class='ocrx_word' id='word_1_138' title='bbox 467 1419 724 1487; x_wconf 84' lang='lat' dir='ltr'>intellegi.</span> <span class='ocrx_word' id='word_1_139' title='bbox 788 1419 1076 1470; x_wconf 89' lang='lat' dir='ltr'>deterere</span> <span class='ocrx_word' id='word_1_140' title='bbox 1110 1420 1289 1470; x_wconf 87' lang='lat' dir='ltr'>autem</span> <span class='ocrx_word' id='word_1_141' title='bbox 1324 1417 1614 1469; x_wconf 79' lang='lat' dir='ltr'>‘minuere&#39;</span> <span class='ocrx_word' id='word_1_142' title='bbox 1652 1418 1818 1487; x_wconf 88' lang='lat' dir='ltr'>signi-</span> 
     </span>
    </p>

    <p class='ocr_par' dir='ltr' id='par_1_4' title="bbox 80 1491 1819 1634">
     <span class='ocr_line' id='line_1_19' title="bbox 80 1491 1818 1561; baseline 0.001 -18"><span class='ocrx_word' id='word_1_143' title='bbox 80 1505 82 1507; x_wconf 84' lang='grc'><em>·</em></span> <span class='ocrx_word' id='word_1_144' title='bbox 124 1491 250 1544; x_wconf 89' lang='lat' dir='ltr'>ficat</span> <span class='ocrx_word' id='word_1_145' title='bbox 281 1509 345 1543; x_wconf 83' lang='lat' dir='ltr'>ex</span> <span class='ocrx_word' id='word_1_146' title='bbox 378 1492 741 1561; x_wconf 75' lang='lat' dir='ltr'>consequenti,</span> <span class='ocrx_word' id='word_1_147' title='bbox 774 1492 914 1561; x_wconf 92' lang='lat' dir='ltr'>quia,</span> <span class='ocrx_word' id='word_1_148' title='bbox 954 1510 1090 1561; x_wconf 87' lang='lat' dir='ltr'>quae</span> <span class='ocrx_word' id='word_1_149' title='bbox 1123 1492 1451 1560; x_wconf 86' lang='lat' dir='ltr'>deteruntur,</span> <span class='ocrx_word' id='word_1_150' title='bbox 1489 1491 1818 1544; x_wconf 90' lang='lat' dir='ltr'>minuuntur.</span> 
     </span>
     <span class='ocr_line' id='line_1_20' title="bbox 240 1565 1819 1634; baseline 0 -16"><span class='ocrx_word' id='word_1_151' title='bbox 240 1567 307 1619; x_wconf 85' lang='lat'>13</span> <span class='ocrx_word' id='word_1_152' title='bbox 349 1566 490 1634; x_wconf 92' lang='lat' dir='ltr'>quis</span> <span class='ocrx_word' id='word_1_153' title='bbox 529 1565 801 1618; x_wconf 90' lang='lat' dir='ltr'>Martem</span> <span class='ocrx_word' id='word_1_154' title='bbox 839 1567 1062 1618; x_wconf 89' lang='lat' dir='ltr'>tunica</span> <span class='ocrx_word' id='word_1_155' title='bbox 1108 1568 1344 1617; x_wconf 90' lang='lat' dir='ltr'>tectum</span> <span class='ocrx_word' id='word_1_156' title='bbox 1388 1565 1703 1617; x_wconf 87' lang='lat' dir='ltr'>adamant.</span> <span class='ocrx_word' id='word_1_157' title='bbox 1763 1566 1819 1618; x_wconf 92' lang='lat' dir='ltr'>id</span> 
     </span>
    </p>

    <p class='ocr_par' dir='ltr' id='par_1_5' title="bbox 57 1639 1819 2373">
     <span class='ocr_line' id='line_1_21' title="bbox 57 1639 1819 1709; baseline 0.001 -19"><span class='ocrx_word' id='word_1_158' title='bbox 57 1650 101 1683; x_wconf 81' lang='lat'>20</span> <span class='ocrx_word' id='word_1_159' title='bbox 126 1642 230 1691; x_wconf 90' lang='lat' dir='ltr'>est:</span> <span class='ocrx_word' id='word_1_160' title='bbox 287 1658 422 1709; x_wconf 87' lang='lat' dir='ltr'>quae</span> <span class='ocrx_word' id='word_1_161' title='bbox 475 1641 749 1709; x_wconf 88' lang='lat' dir='ltr'>perrumpi</span> <span class='ocrx_word' id='word_1_162' title='bbox 801 1658 913 1692; x_wconf 92' lang='lat' dir='ltr'>non</span> <span class='ocrx_word' id='word_1_163' title='bbox 966 1640 1162 1709; x_wconf 79' lang='lat' dir='ltr'>possit3</span> <span class='ocrx_word' id='word_1_164' title='bbox 1218 1639 1437 1691; x_wconf 89' lang='lat' dir='ltr'>adamas</span> <span class='ocrx_word' id='word_1_165' title='bbox 1490 1639 1632 1691; x_wconf 89' lang='lat' dir='ltr'>enim</span> <span class='ocrx_word' id='word_1_166' title='bbox 1678 1640 1819 1708; x_wconf 88' lang='lat' dir='ltr'>lapis</span> 
     </span>
     <span class='ocr_line' id='line_1_22' title="bbox 126 1712 1818 1796; baseline 0 -31"><span class='ocrx_word' id='word_1_167' title='bbox 126 1712 458 1766; x_wconf 88' lang='lat' dir='ltr'>durissimus.</span> <span class='ocrx_word' id='word_1_168' title='bbox 535 1715 765 1783; x_wconf 89' lang='lat' dir='ltr'>figurate</span> <span class='ocrx_word' id='word_1_169' title='bbox 813 1717 994 1766; x_wconf 90' lang='lat' dir='ltr'>autem</span> <span class='ocrx_word' id='word_1_170' title='bbox 1038 1716 1205 1782; x_wconf 87' lang='lat' dir='ltr'>negat</span> <span class='ocrx_word' id='word_1_171' title='bbox 1251 1731 1307 1765; x_wconf 91' lang='lat' dir='ltr'>se</span> <span class='ocrx_word' id='word_1_172' title='bbox 1345 1732 1505 1796; x_wconf 87' lang='lat' dir='ltr'>posse</span> <span class='ocrx_word' id='word_1_173' title='bbox 1544 1731 1629 1766; x_wconf 90' lang='lat' dir='ltr'>res</span> <span class='ocrx_word' id='word_1_174' title='bbox 1668 1714 1818 1766; x_wconf 85' lang='lat' dir='ltr'>belli-</span> 
     </span>
     <span class='ocr_line' id='line_1_23' title="bbox 125 1786 1817 1871; baseline 0.001 -32"><span class='ocrx_word' id='word_1_175' title='bbox 125 1805 214 1839; x_wconf 89' lang='lat' dir='ltr'>cas</span> <span class='ocrx_word' id='word_1_176' title='bbox 256 1788 510 1855; x_wconf 88' lang='lat' dir='ltr'>scribere,</span> <span class='ocrx_word' id='word_1_177' title='bbox 549 1807 738 1840; x_wconf 84' lang='lat' dir='ltr'>uerum</span> <span class='ocrx_word' id='word_1_178' title='bbox 776 1787 1004 1840; x_wconf 88' lang='lat' dir='ltr'>Uarium</span> <span class='ocrx_word' id='word_1_179' title='bbox 1032 1788 1246 1871; x_wconf 78' lang='lat' dir='ltr'>potiuS,</span> <span class='ocrx_word' id='word_1_180' title='bbox 1287 1788 1378 1857; x_wconf 88' lang='lat' dir='ltr'>qui</span> <span class='ocrx_word' id='word_1_181' title='bbox 1419 1787 1490 1840; x_wconf 88' lang='lat' dir='ltr'>sit</span> <span class='ocrx_word' id='word_1_182' title='bbox 1528 1786 1817 1840; x_wconf 89' lang='lat' dir='ltr'>Homerico</span> 
     </span>
     <span class='ocr_line' id='line_1_24' title="bbox 125 1861 1816 1945; baseline 0 -32"><span class='ocrx_word' id='word_1_183' title='bbox 125 1861 331 1929; x_wconf 90' lang='lat' dir='ltr'>spiritu.</span> <span class='ocrx_word' id='word_1_184' title='bbox 436 1863 500 1914; x_wconf 83' lang='lat'>17</span> <span class='ocrx_word' id='word_1_185' title='bbox 540 1881 655 1915; x_wconf 92' lang='lat' dir='ltr'>nos</span> <span class='ocrx_word' id='word_1_186' title='bbox 694 1862 945 1930; x_wconf 89' lang='lat' dir='ltr'>proelia</span> <span class='ocrx_word' id='word_1_187' title='bbox 982 1862 1308 1931; x_wconf 88' lang='lat' dir='ltr'>uirginum</span> <span class='ocrx_word' id='word_1_188' title='bbox 1350 1861 1546 1914; x_wconf 90' lang='lat' dir='ltr'>sectis</span> <span class='ocrx_word' id='word_1_189' title='bbox 1587 1862 1816 1945; x_wconf 86' lang='lat' dir='ltr'>ungui-</span> 
     </span>
     <span class='ocr_line' id='line_1_25' title="bbox 123 1935 1817 2004; baseline 0 -17"><span class='ocrx_word' id='word_1_190' title='bbox 123 1935 254 1987; x_wconf 73' lang='lat' dir='ltr'>bus</span> <span class='ocrx_word' id='word_1_191' title='bbox 330 1954 441 1988; x_wconf 90' lang='lat' dir='ltr'>non</span> <span class='ocrx_word' id='word_1_192' title='bbox 495 1936 761 1988; x_wconf 90' lang='lat' dir='ltr'>iuuenes</span> <span class='ocrx_word' id='word_1_193' title='bbox 818 1936 1012 1988; x_wconf 89' lang='lat' dir='ltr'>sectis</span> <span class='ocrx_word' id='word_1_194' title='bbox 1068 1935 1393 2004; x_wconf 89' lang='lat' dir='ltr'>unguibus</span> <span class='ocrx_word' id='word_1_195' title='bbox 1446 1935 1539 1988; x_wconf 89' lang='lat' dir='ltr'>sed</span> <span class='ocrx_word' id='word_1_196' title='bbox 1578 1936 1817 1988; x_wconf 90' lang='lat' dir='ltr'>acrium</span> 
     </span>
     <span class='ocr_line' id='line_1_26' title="bbox 57 2009 1817 2080; baseline 0 -20"><span class='ocrx_word' id='word_1_197' title='bbox 57 2021 100 2054; x_wconf 83' lang='lat'>25</span> <span class='ocrx_word' id='word_1_198' title='bbox 124 2009 189 2060; x_wconf 90' lang='lat' dir='ltr'>in</span> <span class='ocrx_word' id='word_1_199' title='bbox 225 2009 481 2062; x_wconf 87' lang='grc'>1111101110</span> <span class='ocrx_word' id='word_1_200' title='bbox 532 2010 820 2079; x_wconf 87' lang='lat' dir='ltr'>quamuis</span> <span class='ocrx_word' id='word_1_201' title='bbox 867 2011 1189 2080; x_wconf 85' lang='lat' dir='ltr'>unguibus</span> <span class='ocrx_word' id='word_1_202' title='bbox 1238 2010 1448 2062; x_wconf 88' lang='lat' dir='ltr'>sectis.</span> <span class='ocrx_word' id='word_1_203' title='bbox 1565 2010 1633 2062; x_wconf 83' lang='lat'>19</span> <span class='ocrx_word' id='word_1_204' title='bbox 1673 2027 1817 2062; x_wconf 90' lang='lat' dir='ltr'>can-</span> 
     </span>
     <span class='ocr_line' id='line_1_27' title="bbox 123 2083 1815 2151; baseline 0.001 -17"><span class='ocrx_word' id='word_1_205' title='bbox 123 2086 330 2136; x_wconf 90' lang='lat' dir='ltr'>tamus</span> <span class='ocrx_word' id='word_1_206' title='bbox 384 2085 586 2137; x_wconf 88' lang='lat' dir='ltr'>uacui.</span> <span class='ocrx_word' id='word_1_207' title='bbox 663 2087 845 2136; x_wconf 88' lang='lat' dir='ltr'>utrum</span> <span class='ocrx_word' id='word_1_208' title='bbox 893 2089 1041 2136; x_wconf 82' lang='lat' dir='ltr'>‘cum</span> <span class='ocrx_word' id='word_1_209' title='bbox 1079 2084 1237 2136; x_wconf 88' lang='lat' dir='ltr'>uacui</span> <span class='ocrx_word' id='word_1_210' title='bbox 1277 2086 1505 2151; x_wconf 84' lang='lat' dir='ltr'>sumus&#39;,</span> <span class='ocrx_word' id='word_1_211' title='bbox 1559 2101 1629 2135; x_wconf 88' lang='lat' dir='ltr'>an</span> <span class='ocrx_word' id='word_1_212' title='bbox 1669 2083 1815 2135; x_wconf 77' lang='lat' dir='ltr'>‘ideo</span> 
     </span>
     <span class='ocr_line' id='line_1_28' title="bbox 123 2156 1815 2227; baseline 0.001 -19"><span class='ocrx_word' id='word_1_213' title='bbox 123 2156 257 2209; x_wconf 90' lang='lat' dir='ltr'>haec</span> <span class='ocrx_word' id='word_1_214' title='bbox 296 2160 577 2211; x_wconf 87' lang='lat' dir='ltr'>cantamus</span> <span class='ocrx_word' id='word_1_215' title='bbox 619 2159 746 2227; x_wconf 91' lang='lat' dir='ltr'>quia</span> <span class='ocrx_word' id='word_1_216' title='bbox 783 2159 941 2210; x_wconf 90' lang='lat' dir='ltr'>uacui</span> <span class='ocrx_word' id='word_1_217' title='bbox 992 2161 1200 2210; x_wconf 85' lang='lat' dir='ltr'>sumus&#39;</span> <span class='ocrx_word' id='word_1_218' title='bbox 1251 2157 1307 2209; x_wconf 90' lang='lat' dir='ltr'>id</span> <span class='ocrx_word' id='word_1_219' title='bbox 1354 2160 1436 2209; x_wconf 89' lang='lat' dir='ltr'>est</span> <span class='ocrx_word' id='word_1_220' title='bbox 1485 2161 1543 2209; x_wconf 88' lang='lat' dir='ltr'>‘a</span> <span class='ocrx_word' id='word_1_221' title='bbox 1580 2157 1815 2227; x_wconf 83' lang='lat' dir='ltr'>negotiis</span> 
     </span>
     <span class='ocr_line' id='line_1_29' title="bbox 124 2230 1814 2300; baseline 0.001 -19"><span class='ocrx_word' id='word_1_222' title='bbox 124 2230 335 2299; x_wconf 80' lang='lat' dir='ltr'>liberi&#39;3</span> <span class='ocrx_word' id='word_1_223' title='bbox 391 2232 533 2300; x_wconf 88' lang='lat' dir='ltr'>quod</span> <span class='ocrx_word' id='word_1_224' title='bbox 588 2233 762 2300; x_wconf 86' lang='lat' dir='ltr'>magis</span> <span class='ocrx_word' id='word_1_225' title='bbox 815 2232 1028 2284; x_wconf 91' lang='lat' dir='ltr'>uidetur</span> <span class='ocrx_word' id='word_1_226' title='bbox 1083 2232 1337 2300; x_wconf 80' lang='lat' dir='ltr'>sensisse,</span> <span class='ocrx_word' id='word_1_227' title='bbox 1386 2250 1508 2284; x_wconf 90' lang='lat' dir='ltr'>cum</span> <span class='ocrx_word' id='word_1_228' title='bbox 1564 2231 1814 2283; x_wconf 86' lang='lat' dir='ltr'>subiciat:</span> 
     </span>
     <span class='ocr_line' id='line_1_30' title="bbox 123 2306 1815 2373; baseline -0.001 -17"><span class='ocrx_word' id='word_1_229' title='bbox 123 2321 248 2357; x_wconf 89' lang='lat' dir='ltr'>non</span> <span class='ocrx_word' id='word_1_230' title='bbox 301 2308 559 2373; x_wconf 86' lang='lat' dir='ltr'>praeter</span> <span class='ocrx_word' id='word_1_231' title='bbox 613 2306 875 2358; x_wconf 89' lang='lat' dir='ltr'>solitum</span> <span class='ocrx_word' id='word_1_232' title='bbox 928 2307 1106 2358; x_wconf 89' lang='lat' dir='ltr'>leues</span> <span class='ocrx_word' id='word_1_233' title='bbox 1160 2306 1214 2357; x_wconf 92' lang='lat' dir='ltr'>id</span> <span class='ocrx_word' id='word_1_234' title='bbox 1264 2309 1368 2357; x_wconf 86' lang='lat' dir='ltr'>est:</span> <span class='ocrx_word' id='word_1_235' title='bbox 1425 2323 1489 2356; x_wconf 88' lang='lat' dir='ltr'>ex</span> <span class='ocrx_word' id='word_1_236' title='bbox 1536 2306 1815 2357; x_wconf 90' lang='lat' dir='ltr'>consuetu-</span> 
     </span>
    </p>
   </div>
   <div class='ocr_carea' id='block_1_3' title="bbox 57 2378 1106 2507">
    <p class='ocr_par' dir='ltr' id='par_1_6' title="bbox 57 2378 1106 2507">
     <span class='ocr_line' id='line_1_31' title="bbox 57 2378 449 2432; baseline 0.003 -2"><span class='ocrx_word' id='word_1_237' title='bbox 57 2392 101 2424; x_wconf 85' lang='lat'>30</span> <span class='ocrx_word' id='word_1_238' title='bbox 126 2378 247 2430; x_wconf 84' lang='lat' dir='ltr'>dine</span> <span class='ocrx_word' id='word_1_239' title='bbox 286 2379 449 2432; x_wconf 88' lang='grc'>101100.</span> 
     </span>
     <span class='ocr_line' id='line_1_32' title="bbox 838 2449 1106 2507; baseline -0.004 -12"><span class='ocrx_word' id='word_1_240' title='bbox 838 2449 958 2495; x_wconf 78' lang='lat' dir='ltr'>ODE</span> <span class='ocrx_word' id='word_1_241' title='bbox 994 2456 1032 2507; x_wconf 87' lang='lat'>1,</span> <span class='ocrx_word' id='word_1_242' title='bbox 1067 2455 1106 2494; x_wconf 86' lang='lat'>7.</span> 
     </span>
    </p>
   </div>
   <div class='ocr_carea' id='block_1_4' title="bbox 124 2540 1814 2684">
    <p class='ocr_par' dir='ltr' id='par_1_7' title="bbox 124 2540 1814 2684">
     <span class='ocr_line' id='line_1_33' title="bbox 273 2540 1812 2593; baseline -0.001 0"><span class='ocrx_word' id='word_1_243' title='bbox 273 2541 657 2593; x_wconf 87' lang='lat' dir='ltr'>Laudabunt</span> <span class='ocrx_word' id='word_1_244' title='bbox 697 2541 809 2593; x_wconf 91' lang='lat' dir='ltr'>alii</span> <span class='ocrx_word' id='word_1_245' title='bbox 848 2542 1085 2593; x_wconf 90' lang='lat' dir='ltr'>claram</span> <span class='ocrx_word' id='word_1_246' title='bbox 1116 2540 1401 2593; x_wconf 84' lang='lat' dir='ltr'>Rhodon.</span> <span class='ocrx_word' id='word_1_247' title='bbox 1438 2541 1541 2592; x_wconf 88' lang='lat' dir='ltr'>hac</span> <span class='ocrx_word' id='word_1_248' title='bbox 1574 2541 1672 2593; x_wconf 93' lang='lat' dir='ltr'>ode</span> <span class='ocrx_word' id='word_1_249' title='bbox 1697 2540 1812 2593; x_wconf 92' lang='lat' dir='ltr'>Mu-</span> 
     </span>
     <span class='ocr_line' id='line_1_34' title="bbox 124 2614 1814 2684; baseline 0.001 -18"><span class='ocrx_word' id='word_1_250' title='bbox 124 2615 333 2667; x_wconf 90' lang='lat' dir='ltr'>natium</span> <span class='ocrx_word' id='word_1_251' title='bbox 356 2614 614 2667; x_wconf 88' lang='lat' dir='ltr'>Plancum</span> <span class='ocrx_word' id='word_1_252' title='bbox 647 2616 985 2667; x_wconf 88' lang='lat' dir='ltr'>consularem</span> <span class='ocrx_word' id='word_1_253' title='bbox 1017 2614 1338 2684; x_wconf 86' lang='lat' dir='ltr'>adloquitur,</span> <span class='ocrx_word' id='word_1_254' title='bbox 1380 2633 1485 2684; x_wconf 87' lang='lat' dir='ltr'>qua</span> <span class='ocrx_word' id='word_1_255' title='bbox 1515 2615 1718 2667; x_wconf 87' lang='lat' dir='ltr'>indicat</span> <span class='ocrx_word' id='word_1_256' title='bbox 1757 2633 1814 2667; x_wconf 88' lang='grc'>00</span> 
     </span>
    </p>
   </div>
   <div class='ocr_carea' id='block_1_5' title="bbox 121 2773 1815 3067">
    <p class='ocr_par' dir='ltr' id='par_1_8' title="bbox 121 2773 1815 3067">
     <span class='ocr_line' id='line_1_35' title="bbox 244 2773 1815 2833; baseline -0.001 -14"><span class='ocrx_word' id='word_1_257' title='bbox 244 2781 269 2819; x_wconf 89' lang='grc'><strong>3</strong></span> <span class='ocrx_word' id='word_1_258' title='bbox 303 2790 542 2833; x_wconf 86' lang='lat' dir='ltr'>scr1pser1s</span> <span class='ocrx_word' id='word_1_259' title='bbox 576 2775 640 2819; x_wconf 88' lang='lat' dir='ltr'><em>M</em></span> <span class='ocrx_word' id='word_1_260' title='bbox 772 2781 797 2820; x_wconf 90' lang='grc'><strong>6</strong></span> <span class='ocrx_word' id='word_1_261' title='bbox 831 2775 1041 2831; x_wconf 85' lang='lat' dir='ltr'>duphces</span> <span class='ocrx_word' id='word_1_262' title='bbox 1072 2779 1114 2818; x_wconf 80' lang='lat' dir='ltr'>et</span> <span class='ocrx_word' id='word_1_263' title='bbox 1145 2773 1419 2818; x_wconf 83' lang='lat' dir='ltr'>amfibolum</span> <span class='ocrx_word' id='word_1_264' title='bbox 1453 2775 1516 2818; x_wconf 93' lang='lat' dir='ltr'><em>M</em></span> <span class='ocrx_word' id='word_1_265' title='bbox 1643 2779 1667 2817; x_wconf 84' lang='lat'><strong>7</strong></span> <span class='ocrx_word' id='word_1_266' title='bbox 1698 2773 1815 2817; x_wconf 82' lang='lat' dir='ltr'>ulixi</span> 
     </span>
     <span class='ocr_line' id='line_1_36' title="bbox 125 2833 1812 2893; baseline -0.001 -16"><span class='ocrx_word' id='word_1_267' title='bbox 125 2834 189 2877; x_wconf 85' lang='lat' dir='ltr'><em>M</em></span> <span class='ocrx_word' id='word_1_268' title='bbox 336 2840 361 2879; x_wconf 92' lang='grc'>8</span> <span class='ocrx_word' id='word_1_269' title='bbox 394 2838 443 2879; x_wconf 87' lang='lat' dir='ltr'>et</span> <span class='ocrx_word' id='word_1_270' title='bbox 473 2836 631 2893; x_wconf 86' lang='lat' dir='ltr'>potest</span> <span class='ocrx_word' id='word_1_271' title='bbox 660 2848 764 2878; x_wconf 74' lang='lat' dir='ltr'>nos:</span> <span class='ocrx_word' id='word_1_272' title='bbox 794 2835 953 2891; x_wconf 82' lang='lat' dir='ltr'>potest</span> <span class='ocrx_word' id='word_1_273' title='bbox 984 2834 1020 2877; x_wconf 73' lang='lat' dir='ltr'>Sc</span> <span class='ocrx_word' id='word_1_274' title='bbox 1053 2834 1117 2878; x_wconf 89' lang='lat' dir='ltr'><em>M</em></span> <span class='ocrx_word' id='word_1_275' title='bbox 1226 2835 1543 2878; x_wconf 82' lang='lat' dir='ltr'>acussatmum</span> <span class='ocrx_word' id='word_1_276' title='bbox 1577 2833 1640 2878; x_wconf 87' lang='lat' dir='ltr'><strong><em>M</em></strong></span> <span class='ocrx_word' id='word_1_277' title='bbox 1786 2838 1812 2876; x_wconf 87' lang='grc'><strong>9</strong></span> 
     </span>
     <span class='ocr_line' id='line_1_37' title="bbox 121 2892 1812 2949; baseline -0.001 -13"><span class='ocrx_word' id='word_1_278' title='bbox 121 2894 255 2949; x_wconf 76' lang='lat' dir='ltr'>istus,</span> <span class='ocrx_word' id='word_1_279' title='bbox 285 2908 303 2936; x_wconf 90' lang='lat'>1</span> <span class='ocrx_word' id='word_1_280' title='bbox 333 2907 478 2949; x_wconf 74' lang='lat' dir='ltr'>supra</span> <span class='ocrx_word' id='word_1_281' title='bbox 508 2909 539 2937; x_wconf 93' lang='grc'>11</span> <span class='ocrx_word' id='word_1_282' title='bbox 570 2894 749 2947; x_wconf 76' lang='lat' dir='ltr'>addita,</span> <span class='ocrx_word' id='word_1_283' title='bbox 782 2893 846 2936; x_wconf 89' lang='lat' dir='ltr'><em>M</em></span> <span class='ocrx_word' id='word_1_284' title='bbox 950 2898 1004 2936; x_wconf 85' lang='lat'>15</span> <span class='ocrx_word' id='word_1_285' title='bbox 1037 2893 1246 2937; x_wconf 86' lang='lat' dir='ltr'>deserere</span> <span class='ocrx_word' id='word_1_286' title='bbox 1280 2892 1343 2935; x_wconf 89' lang='lat' dir='ltr'><em>M</em></span> <span class='ocrx_word' id='word_1_287' title='bbox 1449 2898 1503 2937; x_wconf 87' lang='grc'>16</span> <span class='ocrx_word' id='word_1_288' title='bbox 1534 2893 1812 2936; x_wconf 86' lang='lat' dir='ltr'>humanum:</span> 
     </span>
     <span class='ocr_line' id='line_1_38' title="bbox 121 2950 1728 3006; baseline -0.001 -11"><span class='ocrx_word' id='word_1_289' title='bbox 121 2951 315 2995; x_wconf 87' lang='lat' dir='ltr'>humum</span> <span class='ocrx_word' id='word_1_290' title='bbox 349 2953 423 3006; x_wconf 87' lang='lat' dir='ltr'>M,</span> <span class='ocrx_word' id='word_1_291' title='bbox 453 2953 622 2997; x_wconf 83' lang='lat' dir='ltr'>huius?</span> <span class='ocrx_word' id='word_1_292' title='bbox 716 2957 768 2996; x_wconf 82' lang='lat'>17</span> <span class='ocrx_word' id='word_1_293' title='bbox 803 2952 1034 2996; x_wconf 82' lang='lat' dir='ltr'>deterrere</span> <span class='ocrx_word' id='word_1_294' title='bbox 1069 2951 1132 2995; x_wconf 86' lang='lat' dir='ltr'><em>M</em></span> <span class='ocrx_word' id='word_1_295' title='bbox 1223 2956 1276 2995; x_wconf 85' lang='lat'>18</span> <span class='ocrx_word' id='word_1_296' title='bbox 1310 2951 1441 2995; x_wconf 67' lang='lat' dir='ltr'>detes·</span> <span class='ocrx_word' id='word_1_297' title='bbox 1467 2953 1632 2995; x_wconf 88' lang='lat' dir='ltr'>runtur</span> <span class='ocrx_word' id='word_1_298' title='bbox 1665 2950 1728 2993; x_wconf 89' lang='lat' dir='ltr'><em>M</em></span> 
     </span>
     <span class='ocr_line' id='line_1_39' title="bbox 125 3010 948 3067; baseline 0.001 -14"><span class='ocrx_word' id='word_1_299' title='bbox 125 3016 180 3054; x_wconf 78' lang='lat'>20</span> <span class='ocrx_word' id='word_1_300' title='bbox 212 3010 437 3054; x_wconf 87' lang='lat' dir='ltr'>adamans</span> <span class='ocrx_word' id='word_1_301' title='bbox 472 3011 535 3054; x_wconf 77' lang='lat' dir='ltr'><em>M</em></span> <span class='ocrx_word' id='word_1_302' title='bbox 653 3017 706 3055; x_wconf 80' lang='lat'>33</span> <span class='ocrx_word' id='word_1_303' title='bbox 742 3025 852 3067; x_wconf 79' lang='lat' dir='ltr'>quia</span> <span class='ocrx_word' id='word_1_304' title='bbox 885 3011 948 3054; x_wconf 91' lang='lat' dir='ltr'><em>M</em></span> 
     </span>
    </p>
   </div>
   <div class='ocr_carea' id='block_1_6' title="bbox 1931 453 1939 559">
    <p class='ocr_par' dir='ltr' id='par_1_9' title="bbox 1931 453 1939 559">
     <span class='ocr_line' id='line_1_40' title="bbox 1932 453 1939 462; baseline 0 0"><span class='ocrx_word' id='word_1_305' title='bbox 1932 453 1939 462; x_wconf 73' lang='lat'><strong>.</strong></span> 
     </span>
     <span class='ocr_line' id='line_1_41' title="bbox 1931 481 1939 536; baseline 0 0"><span class='ocrx_word' id='word_1_306' title='bbox 1931 481 1939 536; x_wconf 74' lang='grc' dir='ltr'>ἓ</span> 
     </span>
     <span class='ocr_line' id='line_1_42' title="bbox 1931 545 1939 559; baseline 0 -5"><span class='ocrx_word' id='word_1_307' title='bbox 1931 545 1939 559; x_wconf 64' lang='lat'><em>,</em></span> 
     </span>
    </p>
   </div>
   <div class='ocr_carea' id='block_1_7' title="bbox 1928 570 1939 622">
    <p class='ocr_par' dir='ltr' id='par_1_10' title="bbox 1928 570 1939 622">
     <span class='ocr_line' id='line_1_43' title="bbox 1928 570 1939 622; baseline 0 -39"><span class='ocrx_word' id='word_1_308' title='bbox 1928 570 1939 622; x_wconf 55' lang='grc' dir='ltr'>ἒ</span> 
     </span>
    </p>
   </div>
   <div class='ocr_carea' id='block_1_8' title="bbox 1931 627 1939 723">
    <p class='ocr_par' dir='ltr' id='par_1_11' title="bbox 1931 627 1939 723">
     <span class='ocr_line' id='line_1_44' title="bbox 1931 627 1939 646; baseline 0 0"><span class='ocrx_word' id='word_1_309' title='bbox 1931 627 1939 646; x_wconf 75' lang='lat' dir='ltr'>i</span> 
     </span>
     <span class='ocr_line' id='line_1_45' title="bbox 1931 650 1939 723; baseline 0 0"><span class='ocrx_word' id='word_1_310' title='bbox 1931 650 1939 723; x_wconf 72' lang='grc' dir='ltr'>Ξ</span> 
     </span>
    </p>
   </div>
  </div>
 </body>
</html>
