1939 3197
183 115 292 169 258
714 105 915 153 SERMO
946 105 1004 161 Π,
1037 109 1076 159 3,
1110 105 1358 147 274—287.

188 250 501 306 orbiculatis
534 246 742 300 duobus
781 241 969 311 primis
1010 255 1319 308 compressa
1357 234 1540 304 digitis
1573 232 1784 284 mittere
1822 230 1882 282 in

189 343 477 392 cameram,
531 321 682 374 uelut
729 316 1080 386 augurantes,
1135 312 1180 364 si
1234 327 1502 364 cameram
1540 305 1886 375 contigerint,

188 418 348 470 posse
390 395 595 467 sperari
634 393 703 446 ad
741 391 991 444 effectum
1031 387 1175 455 duci,
1227 384 1368 454 quod
1409 382 1590 435 animo
1631 396 1883 446 concepe-

189 477 332 527 runt.
446 470 555 524 274
596 466 746 538 quid
786 483 923 519 cum
959 462 1156 515 balba
1202 459 1362 512 feris
1404 473 1645 509 annoso
1685 452 1886 505 uerba

146 566 165 598 5
191 550 438 618 palato:
480 544 621 613 quid,
661 560 782 594 cum
823 557 919 608 per
959 535 1175 588 delicias
1213 531 1484 586 balbutire
1525 529 1763 581 adfectas
1805 544 1886 578 se-

190 641 295 675 nex
334 624 388 674 et
425 618 653 689 puerilia
691 612 958 668 imitaris?
1075 610 1183 663 276
1247 610 1433 675 atque
1483 605 1696 673 ignem
1751 600 1886 670 gla-

193 697 311 750 dio.
419 685 826 760 Πυθαγορικὸν
882 689 965 739 661
1032 684 1175 751 Πῦρ
1243 682 1529 750 μαχαίρᾳ
1591 672 1669 745 μθ
1744 688 1888 726 σκα-

192 768 432 824 λεύειν.
599 766 704 818 277
785 781 921 815 cum
997 756 1393 828 praecipitat
1470 771 1532 805 se
1611 749 1890 803 cerritus

193 846 335 898 fuit.
413 841 719 895 cerritus:
782 837 1034 888 furiosus.
1120 831 1470 884 commotae
1533 824 1771 878 mentis
1832 823 1890 875 id
1938 830 1939 835 ’

128 941 169 973 10
195 923 277 973 est
314 920 554 971 1116611116.
690 913 796 965 281
860 908 1215 962 libertinus
1281 906 1420 955 erat
1482 901 1588 970 qui
1650 898 1891 952 circum

197 993 493 1061 compita.
569 989 658 1040 hic
711 985 902 1053 incipit
957 983 1019 1034 de
1076 976 1466 1049 superstitiosis
1521 977 1575 1027 et
1621 971 1894 1042 religiosis

194 1068 357 1137 loqui.
457 1064 563 1117 281
600 1061 707 1131 qui
740 1060 977 1112 circum
1018 1054 1299 1122 compita
1340 1051 1563 1103 siccus,
1612 1047 1679 1099 ab
1704 1046 1892 1115 Augu-

198 1147 280 1195 sto
322 1140 467 1193 enim
504 1139 644 1189 lares
683 1135 738 1187 id
778 1136 860 1185 est
899 1131 973 1182 dii
1012 1126 1293 1182 domestici
1339 1126 1398 1176 in
1438 1121 1687 1190 compitis
1725 1119 1893 1188 positi

198 1219 322 1269 sunt
362 1218 416 1266 et
453 1210 695 1265 libertini
736 1207 1041 1260 sacerdotes
1067 1202 1195 1271 dati,
1234 1200 1326 1269 qui
1348 1196 1677 1268 Augustales
1711 1193 1896 1263 appel-

133 1314 174 1346 15
198 1291 299 1342 lati
337 1292 469 1342 sum.
607 1285 717 1337 284
787 1299 979 1334 sanus
1031 1277 1326 1344 utrisque
1368 1272 1635 1325 auribus
1700 1271 1897 1338 atque

200 1364 404 1418 oculis
444 1361 719 1413 mentem
765 1355 896 1408 nisi
933 1352 1295 1422 litigiosus
1373 1346 1499 1416 quia
1536 1345 1595 1396 hi
1635 1343 1726 1413 qui
1764 1360 1894 1394 uen-

199 1439 332 1492 dunt
379 1434 651 1504 mancipia
699 1431 875 1485 solent
927 1429 1032 1481 hoc
1081 1425 1286 1478 adicere
1344 1439 1565 1474 sanum
1620 1434 1899 1485 corpore

201 1518 262 1566 et
302 1512 511 1565 61111110
567 1509 775 1576 putes.
851 1505 995 1556 1111116
1045 1497 1482 1569 superstitiosum
1527 1495 1694 1563 negat
1734 1508 1898 1544 sanae

201 1586 399 1639 mentis
461 1584 627 1636 fuisse
683 1584 737 1632 61
791 1578 921 1631 (11611
983 1574 1268 1644 allegorice
1324 1587 1515 1624 sanum
1578 1585 1694 1619 esse
1750 1564 1899 1618 omni

135 1688 178 1718 ρο
204 1677 442 1730 corpore.
543 1655 651 1709 285
682 1654 814 1706 nisi
852 1651 1191 1720 litigiosus
1227 1645 1519 1699 dominus
1553 1641 1898 1709 exciperet.

201 1737 256 1788 id
297 1737 399 1787 est:
439 1729 761 1799 interposita
783 1727 884 1779 fide
919 1724 1274 1777 adseueraret.
1352 1719 1457 1771 287
1495 1715 1898 1785 Chrysippus

202 1808 403 1879 ponit.
479 1806 584 1858 hoc
625 1803 721 1855 ait:
762 1802 875 1854 eius
915 1798 1060 1851 modi
1093 1796 1381 1849 stultorum
1406 1791 1616 1860 copiam
1642 1791 1696 1841 61
1719 1787 1898 1840 11111111-

201 1883 447 1936 tudinem
486 1877 820 1947 Chrysippus
873 1871 1229 1943 philosophus
1283 1868 1426 1920 inter
1469 1863 1751 1917 Menenios
1805 1862 1900 1913 ha-

204 1958 320 2010 beri
360 1955 502 2008 dicit.
578 1950 860 2004 Menenius
912 1949 1094 2000 autem
1146 1943 1252 1996 fuit
1297 1941 1406 1993 illis
1445 1938 1780 2006 temporibus
1821 1936 1900 1987 in-

138 2058 181 2089 25
209 2049 386 2085 6611116.
462 2028 550 2080 1161
590 2029 730 2078 66116
770 2022 1010 2093 plebeios
1049 2020 1167 2071 uult
1204 2016 1376 2069 uideri
1414 2033 1445 2067 a
1483 2011 1755 2080 Menenio,
1810 2010 1904 2078 qui

208 2107 456 2159 senatum
508 2104 562 2154 61
610 2100 870 2169 populum
930 2096 987 2148 in
1041 2092 1274 2164 gratiam
1326 2087 1552 2143 reduxit.
1653 2084 1745 2137 sed
1790 2084 1902 2136 Me-

205 2180 426 2232 nenium
467 2176 657 2229 melius
697 2173 958 2225 furiosum
999 2167 1290 2236 accipimus
1328 2164 1416 2215 uel
1439 2162 1619 2232 potius
1659 2159 1903 2226 stultum,

208 2254 349 2305 unde
388 2249 667 2303 Meneniae
709 2245 969 2300 stultitiae
1010 2243 1098 2295 uel
1136 2239 1388 2308 ineptiae.
1466 2239 1519 2288 et
1557 2235 1689 2287 mire
1721 2233 1903 2285 fecun-

211 2328 334 2379 dam
375 2328 591 2395 gentem
632 2323 921 2375 stultorum
961 2318 1038 2370 ait
1075 2316 1129 2368 id
1169 2316 1253 2367 est
1290 2311 1659 2379 multiplicem.
1737 2305 1906 2375 Chry-

333 2463 354 2501 1
389 2455 682 2501 sorbieulat1s
714 2453 777 2496 M
864 2460 1128 2505 compressa
1157 2459 1261 2489 snos.-
1308 2453 1619 2497 compressare
1654 2438 1732 2493 M,
1782 2449 1905 2480 com·

211 2530 423 2574 pressare
457 2551 465 2559 .
502 2550 510 2558 .
545 2515 593 2557 et
621 2514 694 2556 uel
734 2522 1006 2567 comprensa
1039 2522 1066 2562 ς
1189 2509 1223 2547 5
1262 2518 1344 2559 qui
1376 2501 1439 2544 M
1555 2497 1812 2543 balbuttire
1845 2495 1910 2538 M

335 2580 357 2619 7
411 2570 635 2622 ΜὸΧΕΡΗ
673 2572 735 2615 M
779 2571 835 2624 cf.
870 2568 1007 2613 Gesta
1044 2565 1359 2609 Romanorum
1390 2574 1424 2604 6.
1461 2563 1519 2603 34
1617 2562 1671 2601 10
1702 2568 1905 2610 insanos⁷

213 2650 239 2680 o
271 2649 329 2679 m.
360 2648 397 2678 r.
429 2634 482 2677 in
512 2648 542 2676 v
574 2645 703 2683 corr„
737 2630 800 2672 M
904 2632 959 2671 10
989 2625 1240 2669 hbui-tinus
1266 2621 1329 2664 M
1411 2624 1464 2663 18
1497 2618 1633 2674 putes
1654 2616 1728 2660 hie
1746 2615 1909 2670 posui.-

203 2699 312 2752 post
343 2698 409 2738 20
439 2704 631 2748 corpore
662 2693 725 2733 est
755 2690 808 2732 in
840 2688 912 2743 M,
946 2684 1122 2739 animo,
1153 2683 1276 2726 hunc
1311 2716 1319 2724 .
1356 2714 1365 2723 .
1398 2690 1589 2734 corpore
1619 2676 1757 2732 putes
1789 2689 1817 2728 ς

216 2759 271 2797 22
303 2752 442 2797 1110ᾶο
476 2751 537 2794 M
645 2754 700 2791 23
745 2759 1014 2791 maenenios
1045 2748 1086 2787 et
1122 2754 1392 2785 maenemus
1426 2738 1488 2780 M
1609 2738 1665 2778 25
1696 2731 1908 2790 plebeios

212 2827 319 2856 uos:
372 2811 582 2867 plebe1us
624 2808 686 2851 Μ
722 2807 779 2861 cf.
811 2804 999 2849 Liuium
1032 2808 1080 2857 2,
1129 2806 1183 2845 32
1231 2797 1413 2855 placuit
1459 2796 1519 2839 ad
1556 2794 1741 2851 plebem
1780 2790 1907 2834 mitti

212 2870 482 2915 Menenium
512 2866 772 2924 Agrippam
805 2899 814 2908 .
843 2901 850 2908 .
885 2863 1010 2919 quod
1039 2861 1148 2905 inde
1181 2857 1398 2903 oriundus
1431 2857 1544 2909 erat,
1574 2851 1703 2909 plebi
1734 2864 1907 2894 carum.

337 2935 392 2973 25
439 2941 593 2972 memo
628 2926 690 2969 M
807 2929 863 2967 28
909 2921 1084 2979 menie,
1116 2934 1175 2963 ne
1207 2932 1239 2962 s.
1275 2919 1302 2960 l.
1334 2931 1391 2959 m.
1423 2929 1478 2967 r.,
1511 2913 1573 2956 M
1688 2910 1829 2954 uerba
1859 2909 1912 2952 et

215 2989 333 3032 mire
367 3023 375 3031 .
411 3024 419 3032 .
454 2986 626 3031 stoicus
657 2983 747 3027 fuit
778 2984 850 3026 hic
874 2982 1035 3038 posu-i:
1065 2983 1166 3035 post
1198 2982 1254 3021 26
1292 2973 1476 3019 reduxit
1506 2975 1613 3016 sunt
1643 2970 1695 3014 in
1728 2968 1790 3011 M
1819 2983 1847 3023 ς

216 3053 275 3093 29
306 3049 509 3091 mentem
544 3046 606 3088 M
