1939 3197
159 164 231 216 50
776 162 895 207 01111
928 163 985 218 H,
1019 168 1044 206 2
1079 165 1124 206 et
1157 168 1196 207 3.

158 300 425 369 regnauit.
545 299 609 351 18
638 299 960 350 dissidens
999 298 1174 365 plebi
1211 317 1471 351 numero
1512 299 1850 354 beatorum-

158 374 378 426 eximit
424 373 650 424 uirtus.
729 373 859 424 ordo
908 375 1010 423 est:
1061 371 1337 424 Prahaten
1395 374 1579 425 eximit
1624 392 1853 427 numero

155 449 439 500 beatorum
486 447 682 514 uirtus,
731 464 866 514 quae
913 446 1057 514 plebi
1105 446 1349 515 dissidet,
1402 446 1506 500 hoc
1554 450 1656 516 est,
1712 466 1850 516 quae

157 523 330 574 uirtus
370 521 424 572 id
465 524 547 572 est
587 520 854 588 sapientia
892 538 1005 572 non
1042 523 1124 572 est
1148 521 1290 589 apud
1314 521 1538 589 plebem.
1649 522 1715 573 19
1741 540 1848 590 po-

113 621 132 651 5
156 597 503 664 pulumque
529 594 716 645 falsis
743 594 1009 646 dedocet
1037 595 1144 645 uti.
1185 595 1453 646 dedocet
1475 613 1574 663 pro
1594 593 1852 647 dedocere

157 670 306 738 cupit
366 669 420 720 id
476 671 557 720 est
611 668 918 720 dissuadere
964 669 1165 737 populo
1212 669 1429 720 beatum
1485 668 1657 720 dicere
1713 688 1853 738 eum,

158 745 249 812 qui
297 760 527 812 regnum
575 746 628 794 et
675 742 891 794 diuitias
931 742 1226 811 possideat,
1275 743 1400 810 quia
1444 742 1582 795 falso
1629 743 1733 795 hoc
1774 743 1853 794 di-

158 818 316 886 citur,
367 817 701 869 solummodo
750 817 901 868 illum
942 819 995 868 et
1035 817 1256 868 diuitem
1297 819 1350 867 et
1387 834 1570 885 regem
1610 820 1663 868 et
1703 835 1850 869 secu-

158 911 277 943 rum
326 909 438 943 esse
488 891 800 958 adfirmans,
848 891 939 958 qui
986 890 1187 942 diuitiis
1229 891 1418 942 alienis
1458 908 1571 942 non
1608 890 1852 943 inuideat

95 992 136 1022 10
160 984 259 1018 nec
309 983 397 1017 eas
451 964 808 1032 concupiscat.
961 965 1032 1016 22
1079 965 1529 1033 propriamque
1586 965 1849 1017 laurum.

155 1041 407 1092 laurum
447 1057 544 1107 pro
586 1039 768 1090 laurea
810 1057 869 1090 ac
908 1057 1004 1106 per
1042 1038 1145 1090 hoc
1186 1039 1414 1107 gloriam
1455 1039 1850 1108 intellegamuS,

154 1114 483 1182 propriam
523 1115 704 1164 autem
742 1116 1071 1180 perpetuam.
1187 1113 1257 1165 523
1301 1114 1486 1165 oculo
1527 1113 1848 1165 inretorto

153 1188 256 1240 hoc
298 1190 379 1239 est
419 1187 573 1239 oculo
614 1205 728 1238 non
765 1186 1047 1238 inuidenti.

871 1374 991 1418 onE
1027 1380 1066 1431 2,
1100 1381 1140 1419 3.

88 1493 130 1524 25
305 1467 589 1535 Aequam
629 1470 942 1518 memento
990 1467 1178 1518 rebus
1226 1467 1289 1518 in
1330 1466 1546 1518 arduis
1588 1485 1848 1520 seruare

153 1561 220 1594 m.
313 1541 446 1592 haec
501 1536 617 1612 ᾠδὴ
675 1541 741 1592 ad
792 1539 1052 1601 Quintum
1099 1539 1336 1591 Dellium
1392 1541 1592 1608 scripta
1647 1544 1728 1593 est
1782 1541 1849 1593 de

154 1615 320 1668 animi
369 1615 661 1683 aequitate,
717 1614 907 1666 subitis
955 1614 1112 1666 bonis
1166 1632 1277 1666 non
1333 1632 1448 1665 esse
1504 1615 1848 1683 gaudendum
1924 1654 1931 1662 .

153 1708 251 1742 nec
269 1689 425 1741 malis
445 1688 852 1757 desperandum,
878 1688 969 1740 sed
986 1688 1221 1740 medium
1237 1691 1481 1740 tenorem
1501 1689 1847 1757 sequendum.

153 1766 203 1816 4.
236 1764 547 1816 moriture
572 1762 782 1814 Delli.
809 1804 818 1814 .
845 1780 954 1814 seu
986 1765 1046 1813 te
1079 1762 1143 1813 in
1176 1766 1421 1815 remoto
1448 1780 1498 1831 g.
1522 1782 1572 1831 p.
1599 1763 1646 1815 d.
1670 1763 1707 1814 f.
1731 1782 1772 1814 r.
1797 1764 1849 1816 b.

86 1864 127 1894 20
151 1839 209 1890 in
255 1838 359 1890 hoc
406 1855 623 1889 causam
671 1836 929 1905 ostendit,
981 1854 1073 1888 cur
1121 1854 1289 1904 aequo
1333 1837 1511 1888 animo
1553 1837 1847 1888 uiuendum

154 1913 238 1982 sit,
278 1912 532 1980 quoniam
574 1911 776 1963 scilicet
815 1910 1159 1962 moriundum
1201 1913 1296 1976 est,
1336 1912 1369 1975 †
1417 1912 1471 1962 et
1519 1911 1563 1962 si
1610 1911 1845 1963 lasciuus

153 1990 206 2038 et
248 1986 292 2038 si
324 1987 508 2055 largus
548 1985 762 2037 uixeris.
856 1985 888 2037 6
924 2002 1030 2036 seu
1063 1987 1123 2035 te
1164 1985 1229 2035 in
1268 1987 1513 2036 remoto
1557 1985 1846 2053 gramine

150 2078 263 2129 per
311 2060 443 2112 dies
490 2059 698 2111 festos
744 2058 1130 2110 reclinatum
1175 2058 1406 2109 bearis,
1497 2058 1561 2109 in
1600 2062 1846 2111 remoto

153 2134 440 2203 gramine
480 2133 583 2185 1100
624 2136 705 2184 est
743 2133 801 2184 in
849 2150 1060 2184 secessu
1105 2132 1357 2184 nemoris,
1456 2132 1846 2184 reclinatum

84 2233 127 2264 25
153 2211 332 2259 autem
379 2208 434 2258 id
483 2210 563 2258 est
608 2208 922 2275 resupinum
960 2206 1383 2274 recumbentem,
1421 2208 1483 2257 ut
1524 2205 1714 2274 solent,
1755 2206 1848 2274 qui
1916 2214 1919 2215 ’

153 2282 448 2333 securiores
473 2284 526 2332 et
552 2282 728 2332 soluto
771 2281 950 2333 animo
990 2281 1094 2332 hoc
1133 2280 1356 2332 faciunt.
1456 2280 1489 2331 9
1528 2280 1846 2332 interiore

150 2358 306 2407 nota
344 2354 605 2406 Falerni
643 2354 746 2406 hoc
781 2357 884 2405 est:
924 2355 1235 2422 uetustiore,
1275 2353 1530 2421 quoniam
1560 2353 1844 2406 interiores

150 2429 384 2498 lagynae
411 2429 587 2480 solent
612 2446 741 2495 esse,
775 2446 910 2495 quae
935 2428 1083 2495 prius
1109 2427 1338 2494 stipatae
1372 2429 1511 2478 sunt.
1594 2428 1658 2478 11
1694 2427 1846 2495 quid
1910 2439 1916 2441 ’

152 2503 417 2571 01011(1110
464 2502 723 2553 laborat
767 2501 1032 2569 lympha
1078 2500 1275 2569 fugax
1321 2504 1358 2552 t.
1406 2519 1446 2551 r.
1524 2500 1845 2552 subaudien-

85 2602 128 2633 30
154 2577 304 2628 dum:
369 2576 413 2627 si
475 2593 537 2627 ea
599 2593 712 2627 non
772 2575 997 2642 utimur,
1063 2577 1115 2626 et
1178 2577 1258 2625 est
1311 2577 1487 2626 totum
1542 2574 1845 2626 amabiliter

153 2650 370 2702 dictum.
489 2649 556 2700 13
613 2649 734 2700 huc
768 2649 933 2700 'uina
974 2651 1034 2699 et
1072 2651 1403 2717 unguenta
1443 2650 1503 2699 et
1541 2666 1592 2699 n.
1632 2648 1680 2699 b.
1720 2648 1755 2699 f.
1797 2666 1844 2700 a.

150 2724 186 2775 f.
226 2725 257 2776 i.
298 2743 338 2775 r.
378 2723 512 2790 11110,
553 2723 754 2774 scilicet
793 2723 885 2774 ubi
909 2723 1155 2774 umbram
1180 2722 1504 2790 hospitalem
1530 2721 1845 2774 consociant

271 2960 296 2998 3
329 2956 481 3011 plebis
513 2970 706 3000 numero
738 2955 922 2998 dissui&
956 2954 1018 2997 M
1146 2960 1198 2999 15
1233 2969 1468 2999 seruarere
1500 2969 1560 2997 m.
1597 2954 1660 2996 M
1785 2958 1839 2996 21
1903 2926 1917 2934 ’Ἴ

150 3014 375 3060 lasciuus:
401 3015 683 3059 adstrictus?
777 3019 832 3058 28
856 3014 1054 3070 lagenae
1081 3029 1109 3068 ς
1134 3015 1190 3068 ef.
1223 3011 1425 3070 λάγυνος
1457 3017 1497 3057 et
1530 3012 1663 3068 Vuly.
1690 3012 1843 3056 Inter-

108 3112 123 3140 ,
142 3077 262 3130 pret.
297 3073 407 3117 Iud.
443 3078 486 3128 7,
523 3078 578 3118 16
610 3074 912 3129 (Vercellone)
1034 3078 1088 3116 32
1122 3073 1289 3116 umbra
1323 3074 1385 3116 M
