<?xml version="1.0" encoding="UTF-8"?>
<!DOCTYPE html PUBLIC "-//W3C//DTD XHTML 1.0 Transitional//EN"
    "http://www.w3.org/TR/xhtml1/DTD/xhtml1-transitional.dtd">
<html xmlns="http://www.w3.org/1999/xhtml" xml:lang="en" lang="en">
 <head>
  <title>
</title>
<meta http-equiv="Content-Type" content="text/html;charset=utf-8" />
  <meta name='ocr-system' content='tesseract 3.04.00' />
  <meta name='ocr-capabilities' content='ocr_page ocr_carea ocr_par ocr_line ocrx_word'/>
</head>
<body>
  <div class='ocr_page' id='page_1' title='image "./pomponiiporphyri00pomp_0223.png"; bbox 0 0 1939 3197; ppageno 0'>
   <div class='ocr_carea' id='block_1_1' title="bbox 654 60 1772 120">
    <p class='ocr_par' dir='ltr' id='par_1_1' title="bbox 654 60 1772 120">
     <span class='ocr_line' id='line_1_1' title="bbox 654 60 1772 120; baseline 0.016 -17"><span class='ocrx_word' id='word_1_1' title='bbox 654 60 856 105; x_wconf 79' lang='lat' dir='ltr'>SERMO</span> <span class='ocrx_word' id='word_1_2' title='bbox 889 63 922 118; x_wconf 88' lang='grc' dir='ltr'>Ι,</span> <span class='ocrx_word' id='word_1_3' title='bbox 955 68 996 120; x_wconf 89' lang='lat'>4,</span> <span class='ocrx_word' id='word_1_4' title='bbox 1028 68 1217 109; x_wconf 81' lang='lat'>34—55.</span> <span class='ocrx_word' id='word_1_5' title='bbox 1663 69 1772 120; x_wconf 79' lang='lat'>209</span> 
     </span>
    </p>
   </div>
   <div class='ocr_carea' id='block_1_2' title="bbox 75 195 1832 1594">
    <p class='ocr_par' dir='ltr' id='par_1_2' title="bbox 75 195 1832 1594">
     <span class='ocr_line' id='line_1_2' title="bbox 87 195 1770 272; baseline 0.005 -27"><span class='ocrx_word' id='word_1_6' title='bbox 87 195 181 246; x_wconf 85' lang='lat' dir='ltr'>ait.</span> <span class='ocrx_word' id='word_1_7' title='bbox 332 197 404 248; x_wconf 83' lang='lat'>34</span> <span class='ocrx_word' id='word_1_8' title='bbox 449 195 663 248; x_wconf 85' lang='lat' dir='ltr'>fenum</span> <span class='ocrx_word' id='word_1_9' title='bbox 708 197 902 249; x_wconf 85' lang='lat' dir='ltr'>habet</span> <span class='ocrx_word' id='word_1_10' title='bbox 955 199 1020 249; x_wconf 92' lang='lat' dir='ltr'>in</span> <span class='ocrx_word' id='word_1_11' title='bbox 1068 217 1263 251; x_wconf 89' lang='lat' dir='ltr'>cornu</span> <span class='ocrx_word' id='word_1_12' title='bbox 1320 201 1523 269; x_wconf 82' lang='lat' dir='ltr'>[longe]</span> <span class='ocrx_word' id='word_1_13' title='bbox 1580 203 1770 272; x_wconf 85' lang='lat' dir='ltr'>longe</span> 
     </span>
     <span class='ocr_line' id='line_1_3' title="bbox 88 268 1770 345; baseline 0.005 -26"><span class='ocrx_word' id='word_1_14' title='bbox 88 268 320 338; x_wconf 82' lang='lat' dir='ltr'>fugetr.</span> <span class='ocrx_word' id='word_1_15' title='bbox 418 270 685 322; x_wconf 86' lang='lat' dir='ltr'>imitatiuo</span> <span class='ocrx_word' id='word_1_16' title='bbox 734 271 1040 324; x_wconf 77' lang='lat' dir='ltr'>charactere</span> <span class='ocrx_word' id='word_1_17' title='bbox 1087 272 1189 325; x_wconf 91' lang='lat' dir='ltr'>hoc</span> <span class='ocrx_word' id='word_1_18' title='bbox 1227 274 1385 342; x_wconf 79' lang='lat' dir='ltr'>fingit</span> <span class='ocrx_word' id='word_1_19' title='bbox 1424 293 1544 325; x_wconf 90' lang='lat' dir='ltr'>eum</span> <span class='ocrx_word' id='word_1_20' title='bbox 1583 275 1770 345; x_wconf 80' lang='lat' dir='ltr'>dicere,</span> 
     </span>
     <span class='ocr_line' id='line_1_4' title="bbox 89 343 1769 413; baseline 0.005 -20"><span class='ocrx_word' id='word_1_21' title='bbox 89 343 183 410; x_wconf 87' lang='lat' dir='ltr'>qui</span> <span class='ocrx_word' id='word_1_22' title='bbox 238 344 305 394; x_wconf 90' lang='lat' dir='ltr'>ob</span> <span class='ocrx_word' id='word_1_23' title='bbox 360 343 746 396; x_wconf 74' lang='lat' dir='ltr'>conscientiam</span> <span class='ocrx_word' id='word_1_24' title='bbox 799 350 1141 413; x_wconf 89' lang='lat' dir='ltr'>peccatorum</span> <span class='ocrx_word' id='word_1_25' title='bbox 1202 348 1391 399; x_wconf 89' lang='lat' dir='ltr'>timeat</span> <span class='ocrx_word' id='word_1_26' title='bbox 1451 349 1769 402; x_wconf 90' lang='lat' dir='ltr'>maledicum</span> 
     </span>
     <span class='ocr_line' id='line_1_5' title="bbox 88 417 1768 489; baseline 0.005 -23"><span class='ocrx_word' id='word_1_27' title='bbox 88 419 316 482; x_wconf 84' lang='lat' dir='ltr'>poetam.</span> <span class='ocrx_word' id='word_1_28' title='bbox 371 417 573 469; x_wconf 88' lang='lat' dir='ltr'>Romae</span> <span class='ocrx_word' id='word_1_29' title='bbox 607 421 786 470; x_wconf 90' lang='lat' dir='ltr'>autem</span> <span class='ocrx_word' id='word_1_30' title='bbox 816 419 1059 471; x_wconf 89' lang='lat' dir='ltr'>uidemus</span> <span class='ocrx_word' id='word_1_31' title='bbox 1094 420 1357 489; x_wconf 86' lang='lat' dir='ltr'>hodieque</span> <span class='ocrx_word' id='word_1_32' title='bbox 1396 421 1580 473; x_wconf 85' lang='lat' dir='ltr'>fenum</span> <span class='ocrx_word' id='word_1_33' title='bbox 1620 424 1768 476; x_wconf 91' lang='lat' dir='ltr'>uelut</span> 
     </span>
     <span class='ocr_line' id='line_1_6' title="bbox 81 489 1811 565; baseline 0.004 -25"><span class='ocrx_word' id='word_1_34' title='bbox 81 489 121 552; x_wconf 66' lang='grc'>’1-</span> <span class='ocrx_word' id='word_1_35' title='bbox 167 507 419 542; x_wconf 79' lang='lat' dir='ltr'>ausuram</span> <span class='ocrx_word' id='word_1_36' title='bbox 465 491 665 543; x_wconf 85' lang='lat' dir='ltr'>factam</span> <span class='ocrx_word' id='word_1_37' title='bbox 711 493 769 543; x_wconf 92' lang='lat' dir='ltr'>in</span> <span class='ocrx_word' id='word_1_38' title='bbox 815 511 981 545; x_wconf 90' lang='lat' dir='ltr'>cornu</span> <span class='ocrx_word' id='word_1_39' title='bbox 1028 494 1154 545; x_wconf 89' lang='lat' dir='ltr'>boui</span> <span class='ocrx_word' id='word_1_40' title='bbox 1201 495 1352 563; x_wconf 82' lang='lat' dir='ltr'>poni,</span> <span class='ocrx_word' id='word_1_41' title='bbox 1399 514 1503 563; x_wconf 89' lang='lat' dir='ltr'>quo</span> <span class='ocrx_word' id='word_1_42' title='bbox 1552 497 1811 565; x_wconf 82' lang='lat' dir='ltr'>signum5</span> 
     </span>
     <span class='ocr_line' id='line_1_7' title="bbox 86 561 1766 638; baseline 0.005 -25"><span class='ocrx_word' id='word_1_43' title='bbox 86 561 245 615; x_wconf 89' lang='lat' dir='ltr'>datur</span> <span class='ocrx_word' id='word_1_44' title='bbox 282 565 702 634; x_wconf 79' lang='lat' dir='ltr'>transeuntibuS,</span> <span class='ocrx_word' id='word_1_45' title='bbox 752 570 812 617; x_wconf 91' lang='lat' dir='ltr'>ut</span> <span class='ocrx_word' id='word_1_46' title='bbox 852 585 972 618; x_wconf 93' lang='lat' dir='ltr'>eum</span> <span class='ocrx_word' id='word_1_47' title='bbox 1012 568 1198 619; x_wconf 90' lang='lat' dir='ltr'>uitent.</span> <span class='ocrx_word' id='word_1_48' title='bbox 1297 568 1384 620; x_wconf 88' lang='lat' dir='ltr'>hic</span> <span class='ocrx_word' id='word_1_49' title='bbox 1425 586 1552 638; x_wconf 82' lang='lat' dir='ltr'>ergo</span> <span class='ocrx_word' id='word_1_50' title='bbox 1592 574 1766 623; x_wconf 85' lang='lat' dir='ltr'>trans-</span> 
     </span>
     <span class='ocr_line' id='line_1_8' title="bbox 85 635 1766 710; baseline 0.005 -23"><span class='ocrx_word' id='word_1_51' title='bbox 85 635 216 688; x_wconf 89' lang='lat' dir='ltr'>latio</span> <span class='ocrx_word' id='word_1_52' title='bbox 254 638 323 689; x_wconf 88' lang='lat' dir='ltr'>ad</span> <span class='ocrx_word' id='word_1_53' title='bbox 361 642 591 706; x_wconf 89' lang='lat' dir='ltr'>poetam.</span> <span class='ocrx_word' id='word_1_54' title='bbox 729 640 799 692; x_wconf 78' lang='grc'>36</span> <span class='ocrx_word' id='word_1_55' title='bbox 841 659 1057 692; x_wconf 90' lang='lat' dir='ltr'>omnes</span> <span class='ocrx_word' id='word_1_56' title='bbox 1097 642 1336 710; x_wconf 83' lang='lat' dir='ltr'>gestiet</span> <span class='ocrx_word' id='word_1_57' title='bbox 1375 661 1406 693; x_wconf 89' lang='lat' dir='ltr'>a</span> <span class='ocrx_word' id='word_1_58' title='bbox 1444 643 1630 696; x_wconf 86' lang='lat' dir='ltr'>furno</span> <span class='ocrx_word' id='word_1_59' title='bbox 1671 663 1766 696; x_wconf 90' lang='lat' dir='ltr'>re-</span> 
     </span>
     <span class='ocr_line' id='line_1_9' title="bbox 82 709 1765 784; baseline 0.005 -23"><span class='ocrx_word' id='word_1_60' title='bbox 82 709 349 764; x_wconf 88' lang='lat' dir='ltr'>deuntes</span> <span class='ocrx_word' id='word_1_61' title='bbox 392 714 553 764; x_wconf 83' lang='lat' dir='ltr'>scire</span> <span class='ocrx_word' id='word_1_62' title='bbox 593 714 648 765; x_wconf 88' lang='lat' dir='ltr'>id</span> <span class='ocrx_word' id='word_1_63' title='bbox 688 717 790 765; x_wconf 90' lang='lat' dir='ltr'>est:</span> <span class='ocrx_word' id='word_1_64' title='bbox 831 714 993 765; x_wconf 89' lang='lat' dir='ltr'>etiam</span> <span class='ocrx_word' id='word_1_65' title='bbox 1031 716 1282 783; x_wconf 84' lang='lat' dir='ltr'>uulgares</span> <span class='ocrx_word' id='word_1_66' title='bbox 1315 717 1433 767; x_wconf 88' lang='lat' dir='ltr'>uult</span> <span class='ocrx_word' id='word_1_67' title='bbox 1458 716 1605 784; x_wconf 89' lang='lat' dir='ltr'>scire,</span> <span class='ocrx_word' id='word_1_68' title='bbox 1646 735 1765 769; x_wconf 91' lang='lat' dir='ltr'>cum</span> 
     </span>
     <span class='ocr_line' id='line_1_10' title="bbox 84 784 1764 859; baseline 0.005 -25"><span class='ocrx_word' id='word_1_69' title='bbox 84 784 337 837; x_wconf 87' lang='lat' dir='ltr'>maledice</span> <span class='ocrx_word' id='word_1_70' title='bbox 378 787 441 838; x_wconf 90' lang='lat' dir='ltr'>de</span> <span class='ocrx_word' id='word_1_71' title='bbox 481 806 588 839; x_wconf 89' lang='lat' dir='ltr'>uno</span> <span class='ocrx_word' id='word_1_72' title='bbox 631 805 840 855; x_wconf 90' lang='lat' dir='ltr'>quoque</span> <span class='ocrx_word' id='word_1_73' title='bbox 882 787 1087 839; x_wconf 86' lang='lat' dir='ltr'>dixerit.</span> <span class='ocrx_word' id='word_1_74' title='bbox 1231 789 1299 840; x_wconf 80' lang='lat'>39</span> <span class='ocrx_word' id='word_1_75' title='bbox 1340 790 1609 856; x_wconf 90' lang='lat' dir='ltr'>primum</span> <span class='ocrx_word' id='word_1_76' title='bbox 1649 808 1764 859; x_wconf 82' lang='lat' dir='ltr'>ego</span> 
     </span>
     <span class='ocr_line' id='line_1_11' title="bbox 80 861 1832 932; baseline 0.001 -19"><span class='ocrx_word' id='word_1_77' title='bbox 80 880 174 913; x_wconf 92' lang='lat' dir='ltr'>me</span> <span class='ocrx_word' id='word_1_78' title='bbox 219 862 479 914; x_wconf 91' lang='lat' dir='ltr'>illorum</span> <span class='ocrx_word' id='word_1_79' title='bbox 527 865 580 913; x_wconf 89' lang='lat' dir='ltr'>et</span> <span class='ocrx_word' id='word_1_80' title='bbox 624 861 843 928; x_wconf 89' lang='lat' dir='ltr'>reliqua.</span> <span class='ocrx_word' id='word_1_81' title='bbox 943 862 1071 913; x_wconf 88' lang='lat' dir='ltr'>ordo</span> <span class='ocrx_word' id='word_1_82' title='bbox 1124 865 1227 913; x_wconf 87' lang='lat' dir='ltr'>est:</span> <span class='ocrx_word' id='word_1_83' title='bbox 1268 863 1499 930; x_wconf 87' lang='lat' dir='ltr'>primum</span> <span class='ocrx_word' id='word_1_84' title='bbox 1540 880 1639 932; x_wconf 83' lang='lat' dir='ltr'>ego</span> <span class='ocrx_word' id='word_1_85' title='bbox 1679 883 1764 916; x_wconf 91' lang='lat' dir='ltr'>me</span> <span class='ocrx_word' id='word_1_86' title='bbox 1790 884 1832 915; x_wconf 87' lang='lat' dir='ltr'>io</span> 
     </span>
     <span class='ocr_line' id='line_1_12' title="bbox 79 935 1763 1004; baseline 0.002 -18"><span class='ocrx_word' id='word_1_87' title='bbox 79 935 297 988; x_wconf 85' lang='lat' dir='ltr'>illorum</span> <span class='ocrx_word' id='word_1_88' title='bbox 336 936 597 1004; x_wconf 79' lang='lat' dir='ltr'>excipiam</span> <span class='ocrx_word' id='word_1_89' title='bbox 636 953 875 1001; x_wconf 75' lang='lat' dir='ltr'>numero,</span> <span class='ocrx_word' id='word_1_90' title='bbox 915 935 1106 1002; x_wconf 87' lang='lat' dir='ltr'>quibus</span> <span class='ocrx_word' id='word_1_91' title='bbox 1147 936 1381 987; x_wconf 89' lang='lat' dir='ltr'>dederim</span> <span class='ocrx_word' id='word_1_92' title='bbox 1411 940 1598 1004; x_wconf 89' lang='lat' dir='ltr'>poetas</span> <span class='ocrx_word' id='word_1_93' title='bbox 1633 955 1763 990; x_wconf 90' lang='lat' dir='ltr'>esse.</span> 
     </span>
     <span class='ocr_line' id='line_1_13' title="bbox 83 1008 1762 1079; baseline 0.002 -19"><span class='ocrx_word' id='word_1_94' title='bbox 83 1027 272 1062; x_wconf 87' lang='lat' dir='ltr'>sensus</span> <span class='ocrx_word' id='word_1_95' title='bbox 313 1013 394 1062; x_wconf 87' lang='lat' dir='ltr'>est</span> <span class='ocrx_word' id='word_1_96' title='bbox 433 1013 635 1061; x_wconf 90' lang='lat' dir='ltr'>autem:</span> <span class='ocrx_word' id='word_1_97' title='bbox 675 1008 908 1077; x_wconf 89' lang='lat' dir='ltr'>primum</span> <span class='ocrx_word' id='word_1_98' title='bbox 948 1009 1186 1061; x_wconf 90' lang='lat' dir='ltr'>omnium</span> <span class='ocrx_word' id='word_1_99' title='bbox 1228 1027 1327 1078; x_wconf 77' lang='lat' dir='ltr'>ego</span> <span class='ocrx_word' id='word_1_100' title='bbox 1360 1029 1443 1062; x_wconf 90' lang='lat' dir='ltr'>me</span> <span class='ocrx_word' id='word_1_101' title='bbox 1475 1029 1586 1063; x_wconf 95' lang='lat' dir='ltr'>non</span> <span class='ocrx_word' id='word_1_102' title='bbox 1617 1029 1762 1079; x_wconf 91' lang='lat' dir='ltr'>pono</span> 
     </span>
     <span class='ocr_line' id='line_1_14' title="bbox 79 1083 1761 1153; baseline 0.002 -19"><span class='ocrx_word' id='word_1_103' title='bbox 79 1083 139 1134; x_wconf 90' lang='lat' dir='ltr'>in</span> <span class='ocrx_word' id='word_1_104' title='bbox 176 1102 399 1136; x_wconf 91' lang='lat' dir='ltr'>numero</span> <span class='ocrx_word' id='word_1_105' title='bbox 441 1101 639 1151; x_wconf 75' lang='lat' dir='ltr'>eorum,</span> <span class='ocrx_word' id='word_1_106' title='bbox 678 1101 811 1150; x_wconf 88' lang='lat' dir='ltr'>quos</span> <span class='ocrx_word' id='word_1_107' title='bbox 852 1083 1130 1135; x_wconf 87' lang='lat' dir='ltr'>consentio</span> <span class='ocrx_word' id='word_1_108' title='bbox 1170 1087 1358 1152; x_wconf 87' lang='lat' dir='ltr'>poetas</span> <span class='ocrx_word' id='word_1_109' title='bbox 1396 1102 1525 1150; x_wconf 89' lang='lat' dir='ltr'>esse,</span> <span class='ocrx_word' id='word_1_110' title='bbox 1565 1085 1761 1153; x_wconf 85' lang='lat' dir='ltr'>quippe</span> 
     </span>
     <span class='ocr_line' id='line_1_15' title="bbox 79 1156 1760 1226; baseline 0.002 -18"><span class='ocrx_word' id='word_1_111' title='bbox 79 1158 314 1209; x_wconf 86' lang='lat' dir='ltr'>sermoni</span> <span class='ocrx_word' id='word_1_112' title='bbox 354 1157 645 1209; x_wconf 87' lang='lat' dir='ltr'>cottidiano</span> <span class='ocrx_word' id='word_1_113' title='bbox 686 1156 940 1224; x_wconf 89' lang='lat' dir='ltr'>propiora</span> <span class='ocrx_word' id='word_1_114' title='bbox 979 1157 1231 1209; x_wconf 89' lang='lat' dir='ltr'>scribens.</span> <span class='ocrx_word' id='word_1_115' title='bbox 1346 1158 1417 1209; x_wconf 83' lang='lat'>43</span> <span class='ocrx_word' id='word_1_116' title='bbox 1465 1162 1653 1226; x_wconf 90' lang='lat' dir='ltr'>atque</span> <span class='ocrx_word' id='word_1_117' title='bbox 1694 1177 1760 1211; x_wconf 90' lang='lat' dir='ltr'>os</span> 
     </span>
     <span class='ocr_line' id='line_1_16' title="bbox 78 1230 1827 1300; baseline 0.002 -18"><span class='ocrx_word' id='word_1_118' title='bbox 78 1248 307 1300; x_wconf 83' lang='lat' dir='ltr'>magna</span> <span class='ocrx_word' id='word_1_119' title='bbox 366 1238 566 1283; x_wconf 90' lang='lat' dir='ltr'>sonat.</span> <span class='ocrx_word' id='word_1_120' title='bbox 663 1230 717 1281; x_wconf 90' lang='lat' dir='ltr'>id</span> <span class='ocrx_word' id='word_1_121' title='bbox 768 1234 870 1281; x_wconf 87' lang='lat' dir='ltr'>est:</span> <span class='ocrx_word' id='word_1_122' title='bbox 925 1247 1150 1299; x_wconf 84' lang='lat' dir='ltr'>magnas</span> <span class='ocrx_word' id='word_1_123' title='bbox 1197 1249 1281 1282; x_wconf 89' lang='lat' dir='ltr'>res</span> <span class='ocrx_word' id='word_1_124' title='bbox 1329 1232 1552 1300; x_wconf 88' lang='lat' dir='ltr'>loquens</span> <span class='ocrx_word' id='word_1_125' title='bbox 1601 1251 1659 1284; x_wconf 88' lang='lat' dir='ltr'>os</span> <span class='ocrx_word' id='word_1_126' title='bbox 1708 1236 1761 1285; x_wconf 90' lang='lat' dir='ltr'>et</span> <span class='ocrx_word' id='word_1_127' title='bbox 1786 1253 1827 1285; x_wconf 81' lang='lat'>15</span> 
     </span>
     <span class='ocr_line' id='line_1_17' title="bbox 77 1304 1760 1372; baseline 0.001 -16"><span class='ocrx_word' id='word_1_128' title='bbox 77 1305 329 1356; x_wconf 85' lang='lat' dir='ltr'>sublimia</span> <span class='ocrx_word' id='word_1_129' title='bbox 354 1323 566 1356; x_wconf 81' lang='lat' dir='ltr'>canens,</span> <span class='ocrx_word' id='word_1_130' title='bbox 657 1305 726 1355; x_wconf 81' lang='lat'>47</span> <span class='ocrx_word' id='word_1_131' title='bbox 761 1304 887 1355; x_wconf 87' lang='lat' dir='ltr'>nisi</span> <span class='ocrx_word' id='word_1_132' title='bbox 921 1304 1084 1372; x_wconf 91' lang='lat' dir='ltr'>quod</span> <span class='ocrx_word' id='word_1_133' title='bbox 1122 1305 1276 1372; x_wconf 90' lang='lat' dir='ltr'>pede</span> <span class='ocrx_word' id='word_1_134' title='bbox 1318 1309 1491 1357; x_wconf 90' lang='lat' dir='ltr'>certo</span> <span class='ocrx_word' id='word_1_135' title='bbox 1532 1306 1760 1359; x_wconf 85' lang='lat' dir='ltr'>differt</span> 
     </span>
     <span class='ocr_line' id='line_1_18' title="bbox 77 1377 1758 1446; baseline 0.001 -16"><span class='ocrx_word' id='word_1_136' title='bbox 77 1379 376 1430; x_wconf 88' lang='lat' dir='ltr'>sermoni:</span> <span class='ocrx_word' id='word_1_137' title='bbox 441 1379 530 1446; x_wconf 89' lang='lat' dir='ltr'>qui</span> <span class='ocrx_word' id='word_1_138' title='bbox 582 1378 641 1429; x_wconf 89' lang='lat' dir='ltr'>in</span> <span class='ocrx_word' id='word_1_139' title='bbox 695 1377 969 1429; x_wconf 88' lang='lat' dir='ltr'>comoedia</span> <span class='ocrx_word' id='word_1_140' title='bbox 1022 1379 1109 1429; x_wconf 92' lang='lat' dir='ltr'>uel</span> <span class='ocrx_word' id='word_1_141' title='bbox 1162 1379 1218 1429; x_wconf 90' lang='lat' dir='ltr'>in</span> <span class='ocrx_word' id='word_1_142' title='bbox 1264 1379 1507 1431; x_wconf 87' lang='lat' dir='ltr'>uersibus</span> <span class='ocrx_word' id='word_1_143' title='bbox 1558 1381 1758 1432; x_wconf 86' lang='lat' dir='ltr'>nostris</span> 
     </span>
     <span class='ocr_line' id='line_1_19' title="bbox 75 1451 1759 1521; baseline 0.002 -18"><span class='ocrx_word' id='word_1_144' title='bbox 75 1453 397 1504; x_wconf 72' lang='lat' dir='ltr'>continetur.</span> <span class='ocrx_word' id='word_1_145' title='bbox 494 1452 597 1503; x_wconf 86' lang='lat' dir='ltr'>hoc</span> <span class='ocrx_word' id='word_1_146' title='bbox 652 1452 765 1504; x_wconf 87' lang='lat' dir='ltr'>solo</span> <span class='ocrx_word' id='word_1_147' title='bbox 822 1451 998 1502; x_wconf 87' lang='lat' dir='ltr'>differt</span> <span class='ocrx_word' id='word_1_148' title='bbox 1056 1453 1317 1520; x_wconf 78' lang='grc' dir='ltr'><em>ἔμμετρος</em></span> <span class='ocrx_word' id='word_1_149' title='bbox 1372 1471 1567 1520; x_wconf 88' lang='lat' dir='ltr'>sermo,</span> <span class='ocrx_word' id='word_1_150' title='bbox 1616 1454 1759 1521; x_wconf 89' lang='lat' dir='ltr'>quod</span> 
     </span>
     <span class='ocr_line' id='line_1_20' title="bbox 75 1525 1756 1594; baseline 0.002 -18"><span class='ocrx_word' id='word_1_151' title='bbox 75 1525 168 1578; x_wconf 94' lang='lat' dir='ltr'>illo</span> <span class='ocrx_word' id='word_1_152' title='bbox 208 1530 379 1578; x_wconf 87' lang='lat' dir='ltr'>metro</span> <span class='ocrx_word' id='word_1_153' title='bbox 415 1526 776 1578; x_wconf 88' lang='lat' dir='ltr'>concludatur.</span> <span class='ocrx_word' id='word_1_154' title='bbox 868 1525 938 1576; x_wconf 85' lang='lat'>49</span> <span class='ocrx_word' id='word_1_155' title='bbox 980 1526 1144 1592; x_wconf 89' lang='lat' dir='ltr'>quod</span> <span class='ocrx_word' id='word_1_156' title='bbox 1184 1526 1520 1578; x_wconf 87' lang='lat' dir='ltr'>meretrice</span> <span class='ocrx_word' id='word_1_157' title='bbox 1559 1545 1756 1594; x_wconf 94' lang='lat' dir='ltr'>nepos</span> 
     </span>
    </p>
   </div>
   <div class='ocr_carea' id='block_1_3' title="bbox 68 1599 1824 2331">
    <p class='ocr_par' dir='ltr' id='par_1_3' title="bbox 68 1599 1824 2331">
     <span class='ocr_line' id='line_1_21' title="bbox 72 1599 1824 1654; baseline 0.002 -3"><span class='ocrx_word' id='word_1_158' title='bbox 72 1599 342 1652; x_wconf 86' lang='lat' dir='ltr'>insanus</span> <span class='ocrx_word' id='word_1_159' title='bbox 390 1600 591 1651; x_wconf 92' lang='lat' dir='ltr'>amica</span> <span class='ocrx_word' id='word_1_160' title='bbox 636 1599 831 1651; x_wconf 79' lang='lat' dir='ltr'>filius.</span> <span class='ocrx_word' id='word_1_161' title='bbox 931 1599 1127 1650; x_wconf 89' lang='lat' dir='ltr'>bellam</span> <span class='ocrx_word' id='word_1_162' title='bbox 1183 1600 1562 1651; x_wconf 82' lang='lat' dir='ltr'>obscuritatem</span> <span class='ocrx_word' id='word_1_163' title='bbox 1612 1601 1758 1652; x_wconf 86' lang='lat' dir='ltr'>adfe-</span> <span class='ocrx_word' id='word_1_164' title='bbox 1781 1622 1824 1654; x_wconf 81' lang='lat'>20</span> 
     </span>
     <span class='ocr_line' id='line_1_22' title="bbox 74 1672 1758 1742; baseline 0.001 -18"><span class='ocrx_word' id='word_1_165' title='bbox 74 1674 243 1726; x_wconf 89' lang='lat' dir='ltr'>ctauit</span> <span class='ocrx_word' id='word_1_166' title='bbox 282 1673 468 1742; x_wconf 74' lang='lat' dir='ltr'>‘nepos</span> <span class='ocrx_word' id='word_1_167' title='bbox 507 1672 667 1725; x_wconf 87' lang='lat' dir='ltr'>filius&#39;</span> <span class='ocrx_word' id='word_1_168' title='bbox 719 1672 966 1740; x_wconf 77' lang='lat' dir='ltr'>dicendO‚</span> <span class='ocrx_word' id='word_1_169' title='bbox 1021 1673 1113 1724; x_wconf 91' lang='lat' dir='ltr'>sed</span> <span class='ocrx_word' id='word_1_170' title='bbox 1169 1672 1376 1741; x_wconf 68' lang='lat' dir='ltr'>‘nepos&#39;</span> <span class='ocrx_word' id='word_1_171' title='bbox 1430 1674 1518 1726; x_wconf 88' lang='lat' dir='ltr'>hic</span> <span class='ocrx_word' id='word_1_172' title='bbox 1571 1673 1758 1727; x_wconf 72' lang='lat' dir='ltr'>‘uorax</span> 
     </span>
     <span class='ocr_line' id='line_1_23' title="bbox 72 1746 1755 1816; baseline 0.001 -18"><span class='ocrx_word' id='word_1_173' title='bbox 72 1750 233 1816; x_wconf 90' lang='lat' dir='ltr'>atque</span> <span class='ocrx_word' id='word_1_174' title='bbox 278 1746 555 1815; x_wconf 81' lang='lat' dir='ltr'>prodigus’</span> <span class='ocrx_word' id='word_1_175' title='bbox 595 1747 1004 1816; x_wconf 80' lang='lat' dir='ltr'>intellegendus.</span> <span class='ocrx_word' id='word_1_176' title='bbox 1155 1747 1223 1799; x_wconf 80' lang='lat'>51</span> <span class='ocrx_word' id='word_1_177' title='bbox 1278 1747 1492 1799; x_wconf 87' lang='lat' dir='ltr'>ebrius</span> <span class='ocrx_word' id='word_1_178' title='bbox 1533 1752 1594 1799; x_wconf 90' lang='lat' dir='ltr'>et</span> <span class='ocrx_word' id='word_1_179' title='bbox 1633 1767 1755 1800; x_wconf 88' lang='lat' dir='ltr'>ma-</span> 
     </span>
     <span class='ocr_line' id='line_1_24' title="bbox 72 1821 1755 1889; baseline 0.001 -17"><span class='ocrx_word' id='word_1_180' title='bbox 72 1838 264 1889; x_wconf 85' lang='lat' dir='ltr'>gnum</span> <span class='ocrx_word' id='word_1_181' title='bbox 310 1822 473 1889; x_wconf 92' lang='lat' dir='ltr'>quod</span> <span class='ocrx_word' id='word_1_182' title='bbox 513 1821 782 1872; x_wconf 84' lang='lat' dir='ltr'>dedecus</span> <span class='ocrx_word' id='word_1_183' title='bbox 823 1821 1107 1872; x_wconf 89' lang='lat' dir='ltr'>ambulat</span> <span class='ocrx_word' id='word_1_184' title='bbox 1146 1824 1290 1872; x_wconf 90' lang='lat' dir='ltr'>ante</span> <span class='ocrx_word' id='word_1_185' title='bbox 1330 1824 1578 1873; x_wconf 90' lang='lat' dir='ltr'>noctem</span> <span class='ocrx_word' id='word_1_186' title='bbox 1619 1840 1755 1874; x_wconf 91' lang='lat' dir='ltr'>cum</span> 
     </span>
     <span class='ocr_line' id='line_1_25' title="bbox 70 1894 1754 1962; baseline 0.001 -16"><span class='ocrx_word' id='word_1_187' title='bbox 70 1895 337 1947; x_wconf 78' lang='lat' dir='ltr'>facibus,</span> <span class='ocrx_word' id='word_1_188' title='bbox 393 1895 521 1947; x_wconf 92' lang='lat' dir='ltr'>ordo</span> <span class='ocrx_word' id='word_1_189' title='bbox 556 1898 659 1946; x_wconf 88' lang='lat' dir='ltr'>est:</span> <span class='ocrx_word' id='word_1_190' title='bbox 701 1895 842 1962; x_wconf 89' lang='lat' dir='ltr'>quod</span> <span class='ocrx_word' id='word_1_191' title='bbox 882 1894 1059 1946; x_wconf 87' lang='lat' dir='ltr'>ebrius</span> <span class='ocrx_word' id='word_1_192' title='bbox 1100 1895 1337 1946; x_wconf 83' lang='lat' dir='ltr'>ambulet</span> <span class='ocrx_word' id='word_1_193' title='bbox 1377 1898 1501 1946; x_wconf 90' lang='lat' dir='ltr'>ante</span> <span class='ocrx_word' id='word_1_194' title='bbox 1541 1899 1754 1947; x_wconf 92' lang='lat' dir='ltr'>noctem</span> 
     </span>
     <span class='ocr_line' id='line_1_26' title="bbox 70 1968 1820 2037; baseline 0.001 -17"><span class='ocrx_word' id='word_1_195' title='bbox 70 1986 192 2020; x_wconf 89' lang='lat' dir='ltr'>cum</span> <span class='ocrx_word' id='word_1_196' title='bbox 221 1969 446 2036; x_wconf 81' lang='lat' dir='ltr'>facibuS‚</span> <span class='ocrx_word' id='word_1_197' title='bbox 479 1968 621 2036; x_wconf 88' lang='lat' dir='ltr'>quod</span> <span class='ocrx_word' id='word_1_198' title='bbox 652 1968 837 2037; x_wconf 82' lang='lat' dir='ltr'>magni</span> <span class='ocrx_word' id='word_1_199' title='bbox 861 1968 1131 2020; x_wconf 88' lang='lat' dir='ltr'>dedecoris</span> <span class='ocrx_word' id='word_1_200' title='bbox 1163 1987 1248 2019; x_wconf 90' lang='lat' dir='ltr'>res</span> <span class='ocrx_word' id='word_1_201' title='bbox 1280 1972 1375 2019; x_wconf 86' lang='lat' dir='ltr'>est.</span> <span class='ocrx_word' id='word_1_202' title='bbox 1466 1968 1536 2020; x_wconf 77' lang='lat'>52</span> <span class='ocrx_word' id='word_1_203' title='bbox 1576 1987 1751 2021; x_wconf 86' lang='lat' dir='ltr'>num·</span> <span class='ocrx_word' id='word_1_204' title='bbox 1776 1990 1820 2021; x_wconf 79' lang='lat'>25</span> 
     </span>
     <span class='ocr_line' id='line_1_27' title="bbox 70 2041 1754 2110; baseline -0.001 -17"><span class='ocrx_word' id='word_1_205' title='bbox 70 2042 221 2110; x_wconf 90' lang='lat' dir='ltr'>quid</span> <span class='ocrx_word' id='word_1_206' title='bbox 259 2041 650 2110; x_wconf 90' lang='lat' dir='ltr'>Pomponius</span> <span class='ocrx_word' id='word_1_207' title='bbox 689 2042 837 2093; x_wconf 87' lang='lat' dir='ltr'>istis</span> <span class='ocrx_word' id='word_1_208' title='bbox 879 2041 1130 2093; x_wconf 91' lang='lat' dir='ltr'>audiret</span> <span class='ocrx_word' id='word_1_209' title='bbox 1168 2042 1431 2093; x_wconf 89' lang='lat' dir='ltr'>leuiora.</span> <span class='ocrx_word' id='word_1_210' title='bbox 1501 2042 1636 2093; x_wconf 89' lang='lat' dir='ltr'>mira</span> <span class='ocrx_word' id='word_1_211' title='bbox 1667 2061 1754 2093; x_wconf 85' lang='lat' dir='ltr'>ur-</span> 
     </span>
     <span class='ocr_line' id='line_1_28' title="bbox 70 2114 1753 2183; baseline 0.001 -16"><span class='ocrx_word' id='word_1_212' title='bbox 70 2116 311 2167; x_wconf 87' lang='lat' dir='ltr'>banitate</span> <span class='ocrx_word' id='word_1_213' title='bbox 359 2119 412 2167; x_wconf 90' lang='lat' dir='ltr'>et</span> <span class='ocrx_word' id='word_1_214' title='bbox 460 2115 812 2166; x_wconf 87' lang='lat' dir='ltr'>amaritudine</span> <span class='ocrx_word' id='word_1_215' title='bbox 852 2114 1117 2183; x_wconf 91' lang='lat' dir='ltr'>Pomponi</span> <span class='ocrx_word' id='word_1_216' title='bbox 1162 2133 1393 2183; x_wconf 89' lang='lat' dir='ltr'>persona</span> <span class='ocrx_word' id='word_1_217' title='bbox 1433 2115 1630 2167; x_wconf 89' lang='lat' dir='ltr'>abusus</span> <span class='ocrx_word' id='word_1_218' title='bbox 1671 2119 1753 2168; x_wconf 90' lang='lat' dir='ltr'>est</span> 
     </span>
     <span class='ocr_line' id='line_1_29' title="bbox 69 2189 1751 2259; baseline 0.001 -18"><span class='ocrx_word' id='word_1_219' title='bbox 69 2190 223 2257; x_wconf 87' lang='lat' dir='ltr'>quasi</span> <span class='ocrx_word' id='word_1_220' title='bbox 262 2189 567 2259; x_wconf 80' lang='lat' dir='ltr'>argumenti</span> <span class='ocrx_word' id='word_1_221' title='bbox 604 2189 738 2256; x_wconf 77' lang='lat' dir='ltr'>loco,</span> <span class='ocrx_word' id='word_1_222' title='bbox 776 2192 838 2241; x_wconf 92' lang='lat' dir='ltr'>ut</span> <span class='ocrx_word' id='word_1_223' title='bbox 876 2206 997 2240; x_wconf 93' lang='lat' dir='ltr'>eum</span> <span class='ocrx_word' id='word_1_224' title='bbox 1046 2192 1299 2257; x_wconf 87' lang='lat' dir='ltr'>carperet.</span> <span class='ocrx_word' id='word_1_225' title='bbox 1450 2189 1521 2241; x_wconf 83' lang='lat'>55</span> <span class='ocrx_word' id='word_1_226' title='bbox 1570 2208 1751 2257; x_wconf 92' lang='lat' dir='ltr'>quem</span> 
     </span>
     <span class='ocr_line' id='line_1_30' title="bbox 68 2263 1747 2331; baseline 0.001 -17"><span class='ocrx_word' id='word_1_227' title='bbox 68 2263 123 2314; x_wconf 90' lang='lat' dir='ltr'>si</span> <span class='ocrx_word' id='word_1_228' title='bbox 184 2263 511 2316; x_wconf 89' lang='lat' dir='ltr'>dissoluas</span> <span class='ocrx_word' id='word_1_229' title='bbox 576 2263 787 2330; x_wconf 91' lang='lat' dir='ltr'>quiuis</span> <span class='ocrx_word' id='word_1_230' title='bbox 851 2263 1289 2314; x_wconf 88' lang='lat' dir='ltr'>stomachetur</span> <span class='ocrx_word' id='word_1_231' title='bbox 1351 2263 1566 2315; x_wconf 91' lang='lat' dir='ltr'>eodem</span> <span class='ocrx_word' id='word_1_232' title='bbox 1628 2282 1747 2331; x_wconf 92' lang='lat' dir='ltr'>quo</span> 
     </span>
    </p>
   </div>
   <div class='ocr_carea' id='block_1_4' title="bbox 67 2337 1815 2406">
    <p class='ocr_par' dir='ltr' id='par_1_4' title="bbox 67 2337 1815 2406">
     <span class='ocr_line' id='line_1_31' title="bbox 67 2337 1815 2406; baseline 0.001 -17"><span class='ocrx_word' id='word_1_233' title='bbox 67 2340 454 2406; x_wconf 88' lang='lat' dir='ltr'>personatus</span> <span class='ocrx_word' id='word_1_234' title='bbox 494 2340 681 2404; x_wconf 88' lang='lat' dir='ltr'>pacto</span> <span class='ocrx_word' id='word_1_235' title='bbox 729 2340 925 2405; x_wconf 88' lang='lat' dir='ltr'>pater.</span> <span class='ocrx_word' id='word_1_236' title='bbox 1025 2354 1183 2404; x_wconf 90' lang='lat' dir='ltr'>quem</span> <span class='ocrx_word' id='word_1_237' title='bbox 1221 2355 1437 2389; x_wconf 88' lang='lat' dir='ltr'>uersum</span> <span class='ocrx_word' id='word_1_238' title='bbox 1478 2337 1523 2389; x_wconf 92' lang='lat' dir='ltr'>si</span> <span class='ocrx_word' id='word_1_239' title='bbox 1563 2337 1748 2390; x_wconf 86' lang='lat' dir='ltr'>dissol-</span> <span class='ocrx_word' id='word_1_240' title='bbox 1772 2358 1815 2391; x_wconf 87' lang='lat'>30</span> 
     </span>
    </p>
   </div>
   <div class='ocr_carea' id='block_1_5' title="bbox 186 2497 1688 2553">
    <p class='ocr_par' dir='ltr' id='par_1_5' title="bbox 186 2497 1688 2553">
     <span class='ocr_line' id='line_1_32' title="bbox 186 2497 1688 2553; baseline 0.001 -14"><span class='ocrx_word' id='word_1_241' title='bbox 186 2502 211 2540; x_wconf 77' lang='lat'>2</span> <span class='ocrx_word' id='word_1_242' title='bbox 244 2497 412 2553; x_wconf 84' lang='lat' dir='ltr'>fugetr,</span> <span class='ocrx_word' id='word_1_243' title='bbox 443 2498 610 2540; x_wconf 87' lang='lat' dir='ltr'>turam.</span> <span class='ocrx_word' id='word_1_244' title='bbox 644 2499 816 2551; x_wconf 89' lang='lat' dir='ltr'>(turam</span> <span class='ocrx_word' id='word_1_245' title='bbox 847 2498 1037 2541; x_wconf 72' lang='lat' dir='ltr'>deletum</span> <span class='ocrx_word' id='word_1_246' title='bbox 1068 2499 1146 2553; x_wconf 78' lang='lat' dir='ltr'>est)</span> <span class='ocrx_word' id='word_1_247' title='bbox 1175 2497 1237 2540; x_wconf 89' lang='lat' dir='ltr'><em>M</em></span> <span class='ocrx_word' id='word_1_248' title='bbox 1263 2497 1374 2553; x_wconf 84' lang='lat' dir='ltr'>fuge</span> <span class='ocrx_word' id='word_1_249' title='bbox 1407 2499 1453 2541; x_wconf 87' lang='lat' dir='ltr'>et</span> <span class='ocrx_word' id='word_1_250' title='bbox 1479 2497 1688 2553; x_wconf 81' lang='lat' dir='ltr'>reliqua?</span> 
     </span>
    </p>
   </div>
   <div class='ocr_carea' id='block_1_6' title="bbox 64 2555 1746 2730">
    <p class='ocr_par' dir='ltr' id='par_1_6' title="bbox 64 2555 1746 2730">
     <span class='ocr_line' id='line_1_33' title="bbox 67 2555 1746 2610; baseline 0.001 -12"><span class='ocrx_word' id='word_1_251' title='bbox 67 2561 94 2599; x_wconf 79' lang='lat'>5</span> <span class='ocrx_word' id='word_1_252' title='bbox 127 2555 334 2599; x_wconf 87' lang='lat' dir='ltr'>ansulam</span> <span class='ocrx_word' id='word_1_253' title='bbox 367 2570 395 2610; x_wconf 86' lang='grc' dir='ltr'><strong>ς</strong></span> <span class='ocrx_word' id='word_1_254' title='bbox 514 2569 657 2599; x_wconf 87' lang='lat' dir='ltr'>cornu</span> <span class='ocrx_word' id='word_1_255' title='bbox 693 2570 798 2600; x_wconf 71' lang='lat' dir='ltr'>nos:</span> <span class='ocrx_word' id='word_1_256' title='bbox 838 2556 1026 2600; x_wconf 86' lang='lat' dir='ltr'>cornulo</span> <span class='ocrx_word' id='word_1_257' title='bbox 1060 2556 1123 2599; x_wconf 97' lang='lat' dir='ltr'><em>M</em></span> <span class='ocrx_word' id='word_1_258' title='bbox 1241 2562 1266 2600; x_wconf 90' lang='grc'>6</span> <span class='ocrx_word' id='word_1_259' title='bbox 1298 2556 1434 2599; x_wconf 85' lang='lat' dir='ltr'>hinc?</span> <span class='ocrx_word' id='word_1_260' title='bbox 1558 2563 1610 2599; x_wconf 90' lang='grc'>11</span> <span class='ocrx_word' id='word_1_261' title='bbox 1643 2556 1746 2600; x_wconf 84' lang='lat' dir='ltr'>illo-</span> 
     </span>
     <span class='ocr_line' id='line_1_34' title="bbox 65 2614 1639 2670; baseline 0.001 -13"><span class='ocrx_word' id='word_1_262' title='bbox 65 2629 168 2657; x_wconf 85' lang='lat' dir='ltr'>rum</span> <span class='ocrx_word' id='word_1_263' title='bbox 200 2616 248 2657; x_wconf 90' lang='lat' dir='ltr'>et</span> <span class='ocrx_word' id='word_1_264' title='bbox 276 2614 459 2670; x_wconf 88' lang='lat' dir='ltr'>rehqua</span> <span class='ocrx_word' id='word_1_265' title='bbox 492 2628 719 2669; x_wconf 76' lang='lat' dir='ltr'>excipiam</span> <span class='ocrx_word' id='word_1_266' title='bbox 753 2615 816 2658; x_wconf 86' lang='lat' dir='ltr'><em>M</em></span> <span class='ocrx_word' id='word_1_267' title='bbox 934 2621 987 2658; x_wconf 86' lang='lat'>13</span> <span class='ocrx_word' id='word_1_268' title='bbox 1019 2629 1196 2658; x_wconf 86' lang='lat' dir='ltr'>inmero</span> <span class='ocrx_word' id='word_1_269' title='bbox 1228 2627 1387 2658; x_wconf 84' lang='lat' dir='ltr'>eorum</span> <span class='ocrx_word' id='word_1_270' title='bbox 1418 2615 1543 2670; x_wconf 87' lang='lat' dir='ltr'>quod</span> <span class='ocrx_word' id='word_1_271' title='bbox 1576 2615 1639 2657; x_wconf 88' lang='lat' dir='ltr'><em>M</em></span> 
     </span>
     <span class='ocr_line' id='line_1_35' title="bbox 64 2674 1746 2730; baseline -0.001 -13"><span class='ocrx_word' id='word_1_272' title='bbox 64 2687 164 2717; x_wconf 88' lang='lat' dir='ltr'>esse</span> <span class='ocrx_word' id='word_1_273' title='bbox 198 2687 356 2717; x_wconf 83' lang='lat' dir='ltr'>sensus</span> <span class='ocrx_word' id='word_1_274' title='bbox 389 2674 460 2716; x_wconf 82' lang='lat' dir='ltr'>est</span> <span class='ocrx_word' id='word_1_275' title='bbox 491 2675 647 2716; x_wconf 89' lang='lat' dir='ltr'>autem</span> <span class='ocrx_word' id='word_1_276' title='bbox 679 2688 852 2729; x_wconf 77' lang='lat' dir='ltr'>quippe</span> <span class='ocrx_word' id='word_1_277' title='bbox 887 2675 949 2716; x_wconf 87' lang='lat' dir='ltr'><em>M</em></span> <span class='ocrx_word' id='word_1_278' title='bbox 1104 2679 1159 2717; x_wconf 85' lang='lat'>14</span> <span class='ocrx_word' id='word_1_279' title='bbox 1190 2687 1432 2730; x_wconf 87' lang='lat' dir='ltr'>propriora</span> <span class='ocrx_word' id='word_1_280' title='bbox 1466 2674 1528 2716; x_wconf 87' lang='lat' dir='ltr'><em>M</em></span> <span class='ocrx_word' id='word_1_281' title='bbox 1692 2678 1746 2717; x_wconf 83' lang='lat'>15</span> 
     </span>
    </p>
   </div>
   <div class='ocr_carea' id='block_1_7' title="bbox 63 2731 1746 3024">
    <p class='ocr_par' dir='ltr' id='par_1_7' title="bbox 63 2731 1746 3024">
     <span class='ocr_line' id='line_1_36' title="bbox 65 2731 1744 2789; baseline 0 -14"><span class='ocrx_word' id='word_1_282' title='bbox 65 2746 237 2789; x_wconf 86' lang='lat' dir='ltr'>magna</span> <span class='ocrx_word' id='word_1_283' title='bbox 268 2745 369 2788; x_wconf 85' lang='lat' dir='ltr'>spes</span> <span class='ocrx_word' id='word_1_284' title='bbox 404 2732 468 2774; x_wconf 88' lang='lat' dir='ltr'><em>M</em></span> <span class='ocrx_word' id='word_1_285' title='bbox 571 2737 624 2776; x_wconf 87' lang='grc'>16</span> <span class='ocrx_word' id='word_1_286' title='bbox 657 2748 739 2788; x_wconf 89' lang='lat' dir='ltr'>qui</span> <span class='ocrx_word' id='word_1_287' title='bbox 764 2733 827 2776; x_wconf 87' lang='lat' dir='ltr'><em>M</em></span> <span class='ocrx_word' id='word_1_288' title='bbox 931 2738 983 2776; x_wconf 82' lang='grc'>17</span> <span class='ocrx_word' id='word_1_289' title='bbox 1017 2733 1236 2777; x_wconf 87' lang='lat' dir='ltr'>sermoni:</span> <span class='ocrx_word' id='word_1_290' title='bbox 1270 2731 1454 2787; x_wconf 82' lang='lat' dir='ltr'>&lt;sermo</span> <span class='ocrx_word' id='word_1_291' title='bbox 1489 2731 1744 2776; x_wconf 84' lang='lat' dir='ltr'>communis</span> 
     </span>
     <span class='ocr_line' id='line_1_37' title="bbox 66 2789 1745 2847; baseline -0.001 -13"><span class='ocrx_word' id='word_1_292' title='bbox 66 2791 145 2834; x_wconf 84' lang='lat' dir='ltr'>uix</span> <span class='ocrx_word' id='word_1_293' title='bbox 177 2789 334 2834; x_wconf 86' lang='lat' dir='ltr'>differt</span> <span class='ocrx_word' id='word_1_294' title='bbox 365 2790 625 2847; x_wconf 64' lang='lat' dir='ltr'>sermoni&gt;i&gt;</span> <span class='ocrx_word' id='word_1_295' title='bbox 733 2792 1025 2836; x_wconf 85' lang='lat' dir='ltr'>comediauer</span> <span class='ocrx_word' id='word_1_296' title='bbox 1050 2793 1112 2835; x_wconf 88' lang='lat' dir='ltr'><em>M</em></span> <span class='ocrx_word' id='word_1_297' title='bbox 1202 2797 1254 2835; x_wconf 84' lang='grc'>18</span> <span class='ocrx_word' id='word_1_298' title='bbox 1289 2806 1511 2847; x_wconf 81' lang='grc' dir='ltr'><strong><em>εμμετρος</em></strong></span> <span class='ocrx_word' id='word_1_299' title='bbox 1541 2803 1647 2833; x_wconf 71' lang='lat' dir='ltr'>nos:</span> <span class='ocrx_word' id='word_1_300' title='bbox 1677 2805 1745 2833; x_wconf 88' lang='lat' dir='ltr'>in-</span> 
     </span>
     <span class='ocr_line' id='line_1_38' title="bbox 64 2849 1744 2894; baseline 0.001 -2"><span class='ocrx_word' id='word_1_301' title='bbox 64 2850 227 2894; x_wconf 80' lang='lat' dir='ltr'>m&amp;ros</span> <span class='ocrx_word' id='word_1_302' title='bbox 260 2850 323 2892; x_wconf 92' lang='lat' dir='ltr'><em>M</em></span> <span class='ocrx_word' id='word_1_303' title='bbox 458 2854 514 2892; x_wconf 78' lang='lat'>20</span> <span class='ocrx_word' id='word_1_304' title='bbox 545 2849 737 2894; x_wconf 90' lang='lat' dir='ltr'>bellam:</span> <span class='ocrx_word' id='word_1_305' title='bbox 771 2850 929 2894; x_wconf 90' lang='lat' dir='ltr'>eillam</span> <span class='ocrx_word' id='word_1_306' title='bbox 963 2852 1025 2894; x_wconf 92' lang='lat' dir='ltr'><em>M</em></span> <span class='ocrx_word' id='word_1_307' title='bbox 1165 2856 1220 2894; x_wconf 83' lang='lat'>21</span> <span class='ocrx_word' id='word_1_308' title='bbox 1252 2850 1353 2892; x_wconf 86' lang='lat' dir='ltr'>filio</span> <span class='ocrx_word' id='word_1_309' title='bbox 1387 2850 1449 2892; x_wconf 91' lang='lat' dir='ltr'><em>M</em></span> <span class='ocrx_word' id='word_1_310' title='bbox 1580 2854 1635 2892; x_wconf 82' lang='lat'>25</span> <span class='ocrx_word' id='word_1_311' title='bbox 1668 2849 1744 2893; x_wconf 86' lang='lat' dir='ltr'>de-</span> 
     </span>
     <span class='ocr_line' id='line_1_39' title="bbox 63 2907 1746 2967; baseline 0.001 -15"><span class='ocrx_word' id='word_1_312' title='bbox 63 2908 219 2952; x_wconf 78' lang='lat' dir='ltr'>decori</span> <span class='ocrx_word' id='word_1_313' title='bbox 253 2909 315 2951; x_wconf 86' lang='lat' dir='ltr'><em>M</em></span> <span class='ocrx_word' id='word_1_314' title='bbox 476 2913 532 2951; x_wconf 82' lang='lat'>26</span> <span class='ocrx_word' id='word_1_315' title='bbox 572 2909 731 2953; x_wconf 87' lang='lat' dir='ltr'>audire</span> <span class='ocrx_word' id='word_1_316' title='bbox 761 2909 947 2954; x_wconf 85' lang='lat' dir='ltr'>letuora</span> <span class='ocrx_word' id='word_1_317' title='bbox 980 2910 1042 2954; x_wconf 92' lang='lat' dir='ltr'><em>M</em></span> <span class='ocrx_word' id='word_1_318' title='bbox 1204 2909 1260 2963; x_wconf 81' lang='lat' dir='ltr'>cf.</span> <span class='ocrx_word' id='word_1_319' title='bbox 1297 2908 1347 2951; x_wconf 89' lang='lat' dir='ltr'>O.</span> <span class='ocrx_word' id='word_1_320' title='bbox 1380 2908 1420 2951; x_wconf 90' lang='lat' dir='ltr'><strong><em>J</em></strong></span> <span class='ocrx_word' id='word_1_321' title='bbox 1419 2908 1527 2967; x_wconf 43' lang='lat' dir='ltr'>alm.</span> <span class='ocrx_word' id='word_1_322' title='bbox 1556 2907 1746 2953; x_wconf 79' lang='lat' dir='ltr'>Hermes</span> 
     </span>
     <span class='ocr_line' id='line_1_40' title="bbox 65 2967 832 3024; baseline 0.003 -15"><span class='ocrx_word' id='word_1_323' title='bbox 65 2967 147 3022; x_wconf 89' lang='lat' dir='ltr'>II,</span> <span class='ocrx_word' id='word_1_324' title='bbox 170 2981 221 3023; x_wconf 75' lang='lat' dir='ltr'>p.</span> <span class='ocrx_word' id='word_1_325' title='bbox 254 2972 350 3012; x_wconf 80' lang='grc'>,218</span> <span class='ocrx_word' id='word_1_326' title='bbox 472 2972 527 3011; x_wconf 82' lang='grc'>28</span> <span class='ocrx_word' id='word_1_327' title='bbox 560 2968 737 3024; x_wconf 78' lang='lat' dir='ltr'>caper&amp;</span> <span class='ocrx_word' id='word_1_328' title='bbox 770 2968 832 3011; x_wconf 92' lang='lat' dir='ltr'><em>M</em></span> 
     </span>
    </p>
   </div>
   <div class='ocr_carea' id='block_1_8' title="bbox 151 3046 1390 3090">
    <p class='ocr_par' dir='ltr' id='par_1_8' title="bbox 151 3046 1390 3090">
     <span class='ocr_line' id='line_1_41' title="bbox 151 3046 1390 3090; baseline 0.002 -2"><span class='ocrx_word' id='word_1_329' title='bbox 151 3057 424 3090; x_wconf 68' lang='lat' dir='ltr'>Pom’mmxon.</span> <span class='ocrx_word' id='word_1_330' title='bbox 1335 3046 1390 3085; x_wconf 81' lang='lat'>14</span> 
     </span>
    </p>
   </div>
  </div>
 </body>
</html>
