1939 3197
163 83 272 135 304
343 49 346 51 Δ
689 81 987 126 EPISTULA
1019 81 1052 137 Ι,
1089 88 1156 137 19,
1191 86 1350 127 7-15.

162 219 357 271 dicitur
412 218 607 271 stultae
663 217 1041 285 persuasionis,
1133 219 1316 285 pater
1371 220 1551 269 autem
1612 216 1858 271 Ennius

163 293 305 361 ideo,
361 293 505 362 quod
558 293 672 360 ipse
725 292 930 360 primus
971 290 1287 344 Latinorum
1327 291 1394 343 ad
1433 290 1635 343 heroici
1673 309 1858 345 uersus

164 367 524 419 imitationem
564 365 933 434 adspirauerit.
1074 366 1102 417 7
1168 365 1241 417 ad
1306 384 1502 417 arma:
1567 365 1634 417 ad
1694 365 1860 418 libros

163 440 531 508 Annalium,
595 457 727 508 quos
784 438 996 491 Ennius
1052 439 1279 507 scripsit.
1397 440 1427 493 8
1468 439 1689 492 forum.
1765 457 1861 508 per

117 533 139 565 5
164 515 339 566 forum
380 514 676 566 causidicos
718 516 770 565 et
808 514 938 565 iuris
979 514 1253 565 consultos
1281 513 1563 583 significat.
1679 514 1709 566 8
1750 533 1861 582 pu-

166 589 424 657 tealque
479 587 758 640 Libonis.
836 606 931 656 per
968 587 1152 656 puteal
1189 591 1493 655 praetorem
1533 606 1593 640 ac
1633 587 1863 639 iudicem

167 662 447 731 significat.
526 662 710 731 puteal
761 665 941 713 autem
980 661 1205 713 Libonis
1262 661 1411 713 sedes
1459 661 1720 730 praetoris
1761 661 1864 713 fuit

164 754 333 804 prope
385 755 567 788 arcum
606 735 907 787 Fabianum
964 736 1185 802 dictum,
1246 735 1388 804 quod
1440 754 1471 787 a
1509 734 1714 787 Libone
1753 735 1862 787 illic

164 810 397 878 primum
435 810 673 862 tribunal
713 813 765 861 et
797 810 1049 862 subsellia
1088 810 1348 862 collocata
1381 812 1520 862 sunt.
1621 809 1654 861 9
1695 828 1863 861 man-

100 906 144 937 10
170 884 331 936 dabo
374 884 586 936 siccis:
629 884 821 936 sobriis
846 883 1072 935 tradam.
1218 883 1249 935 9
1292 884 1562 935 adimam
1603 886 1865 935 cantare

170 959 429 1010 seueris.
506 961 567 1009 ut
605 959 848 1026 ineptum
888 960 983 1025 est,
1023 958 1212 1025 inquit,
1250 958 1384 1010 iuris
1424 957 1713 1010 dictionem
1753 976 1865 1009 non

170 1051 201 1084 a
242 1032 433 1084 sobriis
475 1033 603 1101 geri,
644 1032 718 1083 sic
759 1032 1050 1083 absurdum
1090 1034 1173 1083 est
1212 1034 1430 1083 cantare
1454 1032 1678 1084 ieiunos.
1798 1032 1865 1083 10

167 1105 285 1156 hoc
341 1106 527 1157 simul
583 1106 750 1158 edixi
788 1124 914 1157 non
955 1122 1289 1158 cessauere
1327 1107 1572 1173 poetae.
1681 1106 1865 1157 statim

167 1181 228 1230 ut
266 1180 382 1248 hoc,
420 1175 621 1248 inquit,
650 1179 897 1231 omnibus
931 1179 1053 1247 dixi,
1094 1179 1260 1230 secuti
1293 1179 1443 1231 stulti
1469 1181 1595 1231 sunt
1618 1179 1864 1232 ironiam.

103 1276 145 1307 15
323 1254 386 1305 11
452 1256 768 1306 nocturno
824 1256 1070 1305 certare
1110 1271 1278 1305 mero
1326 1252 1428 1305 hoc
1470 1256 1571 1305 est:
1623 1254 1733 1305 dies
1774 1272 1868 1305 no-

170 1329 386 1396 ctesque
418 1330 618 1396 potare.
709 1328 774 1380 12
808 1327 956 1397 quid
997 1328 1049 1380 si
1089 1327 1227 1397 quis
1267 1327 1450 1379 uultu
1489 1330 1697 1380 toruo:
1740 1327 1868 1396 quid

171 1402 217 1452 si
256 1401 443 1469 aliqui,
491 1402 692 1471 inquit,
739 1405 946 1453 uestem
997 1402 1310 1470 uultumque
1352 1400 1575 1454 Catonis
1614 1402 1866 1469 imitetur,

173 1475 436 1544 numquid
491 1477 746 1528 continuo
803 1476 965 1528 etiam
1020 1476 1311 1547 uirtutibus
1369 1473 1502 1528 Cato
1561 1475 1667 1528 sit?
1801 1476 1866 1528 13

172 1549 568 1618 exiguaeque
637 1553 830 1620 togae
894 1550 1152 1602 simulet
1213 1553 1248 1602 t.
1298 1568 1339 1602 c.
1395 1550 1750 1619 metonymia:
1813 1550 1868 1601 id

104 1645 147 1676 20
173 1623 314 1691 quod
353 1623 414 1674 fit
451 1642 549 1692 pro
608 1642 668 1677 eo
722 1625 812 1693 qui
866 1624 1010 1677 facit.
1166 1624 1234 1676 15
1288 1624 1464 1693 rupit
1511 1624 1869 1676 Iarbuthan

171 1697 228 1749 T.
293 1698 594 1765 exemplum
650 1698 802 1750 stulti
855 1698 1143 1750 imitatoris
1199 1699 1536 1766 interposuit.
1613 1716 1741 1750 nam
1780 1698 1867 1750 hic

170 1770 430 1822 Iarbutha
483 1770 703 1823 Maurus
757 1772 906 1841 regio
961 1789 1155 1841 genere
1210 1771 1311 1823 fuit
1351 1775 1523 1840 ortus,
1579 1772 1690 1840 qui,
1741 1772 1867 1824 dum

171 1845 510 1914 Timaginem
560 1846 802 1897 imitatur
856 1849 981 1914 post
1035 1845 1343 1897 conuiuium
1398 1849 1450 1897 et
1497 1846 1639 1897 inter
1677 1846 1870 1914 pocula

174 1919 577 1987 declamantem,
616 1923 836 1988 propter
874 1920 1219 1972 insolentiam
1258 1919 1488 1971 faciendi
1529 1919 1670 1988 quod
1711 1937 1866 1972 cona-

107 2013 150 2047 25
173 1993 333 2045 batur
370 1993 486 2062 ipse
528 1993 772 2062 diruptus
814 1996 909 2046 est.
988 1993 1079 2045 alii
1106 1993 1444 2062 Timaginem
1468 1993 1648 2045 ferunt
1671 1994 1870 2046 multos

175 2064 513 2137 [conabatur]
557 2067 809 2120 adhibere
850 2068 1067 2120 solitum
1109 2071 1162 2120 et
1202 2085 1362 2120 cenae
1405 2070 1456 2119 et
1497 2067 1872 2120 declamationi

176 2159 301 2192 suae
321 2141 550 2211 dumque
592 2142 659 2194 ab
699 2142 783 2194 his
824 2143 1054 2194 multum
1094 2142 1367 2211 laudatur,
1410 2142 1477 2194 ad
1514 2141 1872 2194 imitationem

176 2215 258 2266 sui
296 2233 615 2282 prouocasse
655 2216 968 2285 Iarbuthan,
1009 2216 1100 2285 qui
1141 2216 1243 2268 sibi
1283 2218 1336 2267 et
1375 2215 1652 2269 stomacho
1680 2234 1869 2285 suppe-

296 2320 321 2357 5
377 2328 506 2359 caum
553 2317 682 2361 dicus
716 2316 753 2359 &
782 2331 895 2361 iuris
942 2317 1155 2362 consulto
1204 2317 1357 2374 signif.
1409 2317 1472 2360 M
1590 2323 1614 2361 6
1660 2331 1749 2373 que
1781 2331 1862 2360 om.

178 2374 241 2416 M
331 2378 370 2418 7..
390 2374 512 2419 sedis
547 2376 610 2418 M
699 2381 725 2420 8
759 2376 892 2433 (sio)
925 2376 1131 2420 dictum?
1224 2382 1249 2420 9
1282 2376 1547 2420 mandabo:
1588 2377 1717 2420 amat
1748 2376 1871 2419 dabo

180 2433 242 2475 M
334 2437 387 2476 10
419 2447 562 2478 lmam
597 2436 659 2478 M
750 2440 802 2478 12
836 2449 969 2478 iunos
1004 2436 1066 2478 M
1157 2441 1211 2478 14
1243 2435 1338 2478 dixi
1371 2435 1516 2478 secuti
1550 2435 1598 2478 C.
1631 2435 1874 2478 Hermann

177 2492 305 2547 apud
335 2491 575 2536 Hauthal:
608 2494 776 2538 dixisse
808 2496 879 2537 uti
913 2495 975 2537 M
1095 2499 1149 2537 14
1189 2493 1389 2538 ironiam
1420 2507 1525 2537 nos:
1556 2494 1780 2550 heropam
1814 2494 1876 2536 M

298 2555 351 2593 19
386 2564 475 2606 que
507 2565 590 2597 om.
626 2554 689 2596 M
776 2568 875 2596 sim.
894 2554 1046 2597 &.t.c.
1075 2554 1138 2596 M
1196 2559 1252 2596 20
1276 2554 1330 2596 in
1344 2553 1426 2597 hoc
1448 2554 1616 2597 scholio
1640 2566 1755 2609 quae
1777 2555 1873 2608 ipse

176 2609 356 2653 correaei
385 2616 647 2666 repuynant
676 2613 926 2656 ‘mammam
952 2617 1130 2668 partem
1161 2614 1224 2655 eis
1253 2625 1370 2669 quae
1407 2613 1461 2656 de
1493 2613 1529 2654 I
1528 2613 1683 2656 arbita
1718 2612 1872 2655 Tima-

175 2669 304 2724 9em‘s
353 2671 628 2714 aemulatore
667 2672 830 2725 effudit
870 2671 1092 2715 Weichert
1125 2672 1250 2715 Poet.
1283 2671 1390 2714 Lat.
1422 2671 1520 2716 Rei.
1546 2685 1598 2727 p.
1631 2674 1873 2715 391—470

297 2732 352 2770 22
384 2727 620 2772 barbutha
654 2731 716 2772 M
802 2730 931 2786 regio
957 2744 1124 2787 genere
1148 2744 1253 2774 nos.-
1283 2744 1486 2787 regione·
1518 2744 1592 2774 me
1627 2731 1690 2773 M
1747 2732 1872 2774 ortus

108 2777 119 2786 ”
178 2799 284 2829 nos·
316 2787 479 2831 cordus
513 2789 576 2831 M
605 2787 781 2832 Cordus
812 2790 885 2832 uel
917 2789 1092 2833 Codrus
1126 2805 1154 2845 ς
1276 2790 1722 2846 quldamimagmem
1755 2789 1817 2831 M

181 2850 236 2887 25
285 2845 367 2889 alii
410 2846 705 2904 Timaginem
750 2848 907 2891 ferunt
951 2861 1263 2906 nos:magn1
1293 2851 1429 2893 erunt
1462 2849 1524 2892 M
1641 2853 1698 2892 26
1731 2860 1872 2906 caene

148 2917 149 2920 ¹
182 2903 246 2945 M
333 2904 673 2950 declamatlone
707 2907 769 2950 M
880 2912 933 2950 27
969 2908 1291 2952 abimitatione
1327 2908 1389 2951 M
1521 2912 1577 2952 28
1609 2906 1874 2951 barbuthan

183 2962 247 3004 M
344 2964 452 3065 Ing}
482 2979 588 3009 ‘noa
636 2981 717 3021 qui
758 2979 804 3009 se
837 2966 874 3008 85
906 2967 1148 3010 stomacho
1181 2970 1367 3024 suppeti
1398 2967 1612 3023 subrupit
1643 2965 1753 3008 dum
1785 2965 1876 3009 tibi

181 3033 351 3076 magen
