1939 3197
643 72 762 118 ODE
796 73 873 131 lv,
909 79 932 118 7
967 76 1015 119 et
1047 80 1085 119 8.
1603 79 1707 131 133

17 214 95 266 ita
115 212 425 266 Paeoniis
464 212 835 264 reuocatum
867 211 1084 263 herbis
1120 213 1180 262 et
1212 229 1420 265 amore
1444 212 1706 269 Dianae.

20 288 112 340 sed
150 305 289 340 nunc
329 304 440 339 non
481 285 547 337 ad
587 286 720 338 illud
758 285 937 355 refert,
978 283 1120 354 quod
1150 288 1276 352 post
1299 286 1705 341 distractionem

16 361 374 430 illamquam
422 361 488 412 ab
538 360 688 428 equis
738 359 848 411 suis
888 377 1080 428 passus
1122 362 1204 410 est
1243 359 1302 411 in
1340 360 1510 412 uitam
1549 362 1703 414 resti-

15 438 164 487 tutus
214 435 406 503 fertur,
457 434 549 486 sed
600 434 667 486 ad
723 433 1089 487 conditionem
1142 435 1490 487 mortalitatis
1543 453 1705 504 quam

13 527 125 562 non
163 509 341 578 potuit
379 511 638 577 perpetuo
680 508 912 577 effugere
952 525 1047 577 per
1084 505 1294 560 Dianae
1333 508 1591 561 fauorem.
1727 522 1748 557 5

15 583 84 636 27
125 601 237 636 nec
276 581 520 635 Lethea
573 583 750 634 ualet
796 581 1080 635 Theseus
1130 581 1508 650 abrumpere
1558 601 1702 635 caro

14 657 278 710 uincula
316 656 627 709 Pirithoo.
724 658 856 709 nota
903 655 1132 709 historia
1171 655 1437 708 Theseum
1477 661 1530 709 et
1567 657 1701 708 Piri-

14 729 205 783 thoum
253 731 320 782 ad
366 731 571 783 inferos
620 730 957 782 descendisse
1009 728 1297 796 rapiendae
1345 729 1702 799 Proserpinae

12 821 190 858 causa.
269 823 401 873 quos
443 822 585 857 nunc
626 804 756 856 dicit
794 803 1005 857 uinctos
1046 802 1122 854 ibi
1161 804 1499 856 remansisse.

721 949 840 993 ODE
874 954 915 1006 4,
949 954 989 994 8.
1722 967 1766 1000 10

157 1041 480 1094 Donarem
526 1044 784 1110 pateras
834 1059 876 1093 c.
923 1060 972 1111 g.
1048 1041 1150 1093 hac
1197 1035 1313 1113 ᾠδῇ
1354 1040 1557 1092 indicat
1597 1040 1700 1093 sibi

11 1115 294 1168 facultates
340 1119 525 1168 tantas
572 1134 685 1168 non
732 1134 869 1184 esse,
917 1120 977 1168 ut
1023 1116 1198 1183 possit
1242 1115 1453 1182 phialas
1503 1117 1555 1165 et
1594 1114 1700 1166 alia

12 1190 250 1258 pretiosa
290 1190 504 1258 donare,
545 1190 637 1242 sed
677 1190 819 1258 quod
859 1191 1030 1242 maius
1071 1192 1174 1257 est,
1214 1207 1429 1241 carmen
1470 1206 1524 1240 se
1565 1186 1699 1240 Cen-

14 1260 194 1318 sorino
241 1264 449 1334 largiri3
497 1264 687 1315 deinde
737 1265 972 1332 praefert
1026 1263 1264 1315 carmina
1320 1262 1566 1315 omnibus
1623 1261 1698 1313 di-

10 1337 173 1391 uitiis.
266 1339 298 1390 6
333 1356 486 1406 quas
520 1341 627 1390 aut
666 1336 1047 1390 Parrhasius
1086 1337 1364 1406 protulit
1403 1339 1509 1388 aut
1550 1333 1696 1388 Sco·
1722 1349 1764 1384 15

8 1430 136 1481 pas,
233 1411 550 1464 Parrhasius
596 1411 825 1464 Athenis
872 1413 1047 1480 pictor
1094 1412 1266 1463 clarus
1321 1410 1447 1478 fuit,
1497 1408 1697 1478 Scopas

10 1485 353 1554 γλυφοποιός
391 1486 444 1537 id
485 1488 567 1537 est
606 1486 884 1554 signorum
924 1503 1344 1537 marmoreorum
1385 1485 1637 1551 sculptor.

8 1560 40 1612 8
107 1561 338 1613 sollers
394 1577 562 1612 nunc
614 1560 934 1612 hominem
988 1576 1224 1628 ponere
1278 1577 1446 1610 nunc
1502 1557 1696 1609 deum.

7 1651 244 1702 ponere
283 1652 427 1686 nunc
468 1632 812 1686 econstituere
854 1652 914 1686 ac
961 1632 1200 1703 fingere'.
1352 1633 1383 1684 9
1427 1631 1532 1685 sed
1569 1649 1696 1684 non

7 1706 162 1761 haec
193 1707 347 1760 mihi
378 1707 498 1760 uis:
541 1708 849 1760 diuitiarum
875 1708 1092 1760 scilicet.
1153 1725 1281 1759 non
1312 1707 1435 1758 tibi
1466 1705 1694 1758 talium
1718 1720 1763 1754 20

6 1799 105 1833 res
159 1785 253 1834 est
308 1785 416 1834 aut
466 1783 713 1834 animus
770 1782 1144 1835 deliciarum
1199 1798 1405 1851 egens,
1507 1797 1693 1832 sensus

7 1859 111 1908 est:
158 1874 256 1909 nec
303 1874 403 1926 ego
449 1856 582 1909 haec
627 1856 813 1925 largiri
858 1875 1101 1924 possum,
1147 1873 1246 1907 nec
1298 1855 1342 1907 si
1380 1872 1594 1924 possem
1633 1855 1693 1905 tu

6 1946 69 1981 ea
123 1930 471 1998 desiderareS,
534 1930 657 1999 quia
719 1930 956 1982 carmina
1016 1930 1116 1981 tibi
1178 1929 1379 1980 diuitiis
1443 1927 1692 1981 omnibus

9 2004 249 2072 gratiora
289 2007 429 2056 sunt.
546 2006 610 2056 11
655 2004 939 2056 carmina
978 2021 1314 2072 possumus
1355 2003 1590 2054 donare
1632 2002 1692 2052 et

5 2077 283 2145 pretium
335 2078 544 2130 dicere
598 2078 842 2129 muneri
903 2077 958 2129 id
1013 2079 1115 2129 est:
1195 2076 1474 2129 ostendere
1529 2092 1691 2145 quam
1714 2089 1758 2124 25

5 2152 301 2219 pretiosum
341 2152 410 2203 sit
450 2169 678 2204 carmen.
797 2152 862 2203 13
904 2169 1031 2204 non
1069 2150 1275 2202 incisa
1314 2150 1486 2202 notis
1526 2167 1689 2202 mar-

5 2243 180 2277 mora
225 2225 534 2295 publicis,
580 2244 688 2294 per
735 2243 891 2294 quae
941 2224 1210 2293 spiritus
1251 2226 1311 2276 et
1349 2224 1485 2276 uita
1523 2223 1691 2276 redit

4 2298 213 2351 bonis:
246 2318 341 2368 per
374 2318 506 2368 quos
531 2300 718 2352 titulos
755 2299 1051 2352 consecrati
1076 2298 1315 2350 defuncti
1339 2298 1497 2351 duces
1523 2316 1688 2367 quan-

5 2371 129 2425 dam
182 2373 626 2426 inmortalitatem
688 2376 1104 2442 consequuntur.
1259 2373 1323 2425 18
1388 2373 1523 2425 eius
1582 2371 1689 2441 qui

4 2445 243 2498 domita
281 2465 511 2500 nomen
551 2448 623 2500 ab
665 2447 888 2500 Africa
926 2448 1217 2500 lucratus
1258 2446 1465 2499 rediit.
1543 2446 1685 2498 Afri·
1710 2461 1755 2496 30

126 2582 148 2620 1
182 2577 293 2621 Aen.
328 2583 368 2634 7,
403 2583 484 2624 769

123 2699 148 2738 6
182 2696 453 2740 abrumbere
485 2698 532 2753 (p
564 2711 619 2741 m.
653 2701 715 2751 2.,
748 2700 800 2740 ut
830 2697 1033 2751 uidetur)
1068 2696 1130 2739 M
1157 2696 1344 2740 uincula
1376 2710 1480 2739 caro
1515 2695 1578 2738 M

3 2756 29 2796 9
60 2767 311 2798 remanS1se
346 2755 408 2798 M
542 2762 595 2800 12
626 2756 878 2800 facultatas
913 2756 975 2800 M
1128 2754 1266 2800 fialas
1298 2760 1338 2799 et
1369 2755 1593 2811 pra&1osa
1626 2755 1689 2799 M

93 2818 145 2856 13
169 2827 376 2858 censorio
402 2815 465 2857 M
560 2820 615 2859 15
649 2817 749 2859 aut:
782 2817 836 2859 ut
861 2815 923 2858 M
1012 2819 1065 2859 17
1098 2814 1369 2871 glyfopoeos
1404 2814 1466 2856 M
1493 2817 1684 2869 γλυπτο-

1 2867 137 2922 ποιός
170 2872 327 2929 Pauly
463 2874 689 2931 sculptor:
723 2874 891 2918 scilic&
924 2874 987 2918 M
1115 2879 1168 2917 21
1204 2874 1473 2917 d1u1t1arum
1507 2873 1569 2916 M

2 2933 57 2973 22
89 2944 262 2986 posfflm
295 2932 359 2975 M
484 2934 537 2975 tu
569 2946 644 2977 ea:
675 2935 816 2978 tuaea
850 2934 912 2977 M
1037 2938 1092 2977 26
1125 2933 1399 2989 pra8uosum
1433 2932 1495 2975 M
1626 2937 1680 2977 27

1 2989 191 3044 publica
219 3005 398 3048 perqua
432 2992 494 3035 M
611 2997 667 3037 28
700 2992 934 3048 quandam
966 2992 1100 3038 Aer„-
1132 2991 1368 3047 quondam
1403 2991 1465 3034 M
