1939 3197
148 153 218 206 52
778 153 899 198 oDE
931 154 986 209 11,
1020 158 1047 197 4
1079 155 1126 197 et
1159 158 1197 198 5.

147 292 340 341 ctore.
402 292 616 357 poterat
649 289 818 357 accipi
841 287 1214 357 Neoptolemo,
1255 289 1346 358 qui
1369 289 1615 342 interfuit
1639 290 1841 343 excidio

148 363 363 430 Troiae,
411 363 502 414 sed
551 381 672 415 cum
713 363 941 415 subiciat
995 366 1055 414 et
1108 363 1439 432 ademptus
1487 363 1727 416 Hector
1775 363 1843 416 ad

146 436 399 489 Achillen
437 437 714 489 reuocauit
754 455 968 489 omnem
1001 437 1189 489 excidii
1214 437 1405 490 Troiae
1446 455 1679 490 causam.
1774 438 1839 490 11

145 512 396 563 leuiora
442 511 593 563 tolli
640 511 697 563 P.
747 529 785 563 S.
842 511 1092 564 leuiora
1147 512 1349 563 scilicet
1395 511 1540 564 facta
1579 512 1843 581 Pergama

102 603 122 634 5
146 584 202 636 id
257 588 338 636 est
387 585 722 637 inbecilliora
769 586 1004 637 extincto
1059 585 1307 637 Hectore.
1463 586 1529 637 13
1587 586 1841 638 nescias

146 677 226 710 an
271 661 332 710 te
381 676 684 728 generum
733 660 782 711 b.
830 659 926 711 Ph.
975 659 1022 710 d.
1070 679 1118 727 p.
1226 659 1462 711 breuiter
1501 662 1556 711 et
1595 660 1844 711 decenter
1930 704 1939 730 r

144 733 341 784 tacitae
390 733 841 802 anthypophorae
890 733 1135 785 occurrit.
1220 751 1347 784 nam
1388 751 1508 785 cum
1546 733 1844 786 Briseidem

145 806 483 859 Tecmessam
525 811 578 859 et
610 806 954 875 Casandram,
996 825 1130 875 quae
1173 807 1375 859 scilicet
1412 807 1592 877 regiae
1632 808 1843 876 puellae

145 880 389 950 fuerunt,
435 881 493 932 in
533 883 834 950 exemplum
872 881 1138 949 Phyllidis
1187 881 1492 950 adtulisset,
1539 882 1842 935 necessario

82 974 124 1005 10
150 955 377 1008 subiecit
410 956 663 1007 nescias
705 974 782 1007 an
822 959 882 1007 te
925 973 1228 1025 generum
1267 956 1493 1007 heatae
1518 955 1843 1024 Phyllidis

147 1028 365 1081 flauae
407 1029 713 1082 decorent
751 1033 1070 1098 parentes,
1170 1048 1328 1098 posse
1380 1033 1559 1082 autem
1597 1030 1714 1082 fieri
1755 1029 1845 1098 ait,
1930 1035 1939 1048 ‘

147 1105 208 1154 ut
248 1105 301 1154 et
339 1102 471 1155 haec
511 1104 646 1172 regii
686 1104 898 1173 generis
934 1104 1026 1171 611;
1068 1104 1209 1156 unde
1234 1104 1548 1173 intellegere
1575 1104 1846 1172 debemUS,

146 1175 438 1244 Phylliden
478 1179 748 1246 captiuam
789 1196 917 1230 esse.
981 1179 1055 1230 sic
1097 1197 1151 1230 se
1193 1179 1336 1230 enim
1375 1178 1580 1230 habent
1620 1181 1673 1230 et
1695 1177 1844 1246 haec,

149 1268 284 1318 quae
311 1251 670 1303 subiciuntur:
712 1253 964 1321 regium
1005 1256 1176 1304 certe
1217 1270 1418 1321 genus
1460 1256 1519 1304 et
1558 1255 1844 1320 penates,
1928 1295 1939 1318 .

82 1342 124 1375 15
149 1325 218 1376 21
260 1325 526 1376 brachia
566 1329 627 1377 61
666 1326 917 1377 uultum
964 1329 1001 1378 t.
1050 1345 1088 1378 6.
1161 1327 1435 1395 eleganter
1476 1344 1597 1378 cum
1636 1327 1845 1394 puellae
1928 1322 1939 1356 ἶ

148 1398 605 1466 pulchritudinem
659 1400 926 1469 laudaret,
987 1418 1054 1451 ne
1112 1404 1391 1468 suspectus
1445 1400 1735 1452 haberetur
1787 1400 1846 1451 in

151 1490 388 1524 amorem
444 1473 578 1541 eius,
635 1474 829 1526 adiecit
980 1475 1051 1526 22
1109 1475 1365 1544 integer
1418 1475 1631 1541 laudo,
1695 1474 1844 1543 fuge
1926 1471 1939 1546 {3

151 1547 474 1615 suspicari
515 1566 555 1599 c.
598 1566 643 1600 o.
684 1551 721 1600 t.
763 1567 807 1600 a.
849 1567 894 1600 o.
935 1549 967 1599 1.
1061 1551 1212 1617 grate
1253 1548 1612 1617 quadraginta
1653 1548 1845 1600 aetatis
1927 1548 1939 1621 ff}

151 1638 323 1672 annos
374 1639 428 1672 66
470 1622 757 1674 excessisse
808 1622 1059 1674 ostendit.
1161 1625 1280 1675 octo
1331 1623 1473 1674 enim
1512 1623 1682 1674 lustra
1723 1625 1844 1674 octo

84 1714 126 1745 20
151 1694 534 1763 quinquennia,
577 1696 935 1765 quadraginta
977 1714 1148 1748 annos
1176 1696 1392 1766 scilicet,
1433 1697 1669 1764 cludunt,
1709 1714 1844 1764 quae

151 1771 298 1820 aetas
338 1769 551 1821 uidetur
590 1770 698 1821 iam
740 1771 936 1822 amoris
979 1788 1093 1822 esse
1135 1771 1323 1822 aliena.
1929 1787 1939 1796 ·

867 1930 986 1973 ODE
1023 1936 1061 1985 2,
1098 1936 1137 1974 5.

300 2018 443 2072 Non
497 2021 640 2072 dum
696 2021 964 2073 subacta
1010 2022 1179 2073 ferre
1227 2022 1445 2091 iugum
1492 2023 1668 2073 ualet
1715 2039 1846 2073 cer-
1924 2070 1939 2087 i,

151 2093 304 2145 uice.
365 2094 467 2146 hac
500 2090 616 2166 ᾥὸῃ
651 2095 966 2164 allegoricos
1000 2113 1120 2147 66111
1161 2113 1222 2149 60
1257 2096 1384 2165 agit,
1424 2096 1515 2165 qui
1552 2095 1846 2147 inhabilem

86 2167 326 2219 25adhuc
388 2168 505 2220 uiro
561 2169 796 2252 puellam
849 2170 1209 2238 persequitur,
1276 2187 1410 2238 quae
1466 2170 1615 2222 lusus
1673 2170 1846 2239 magis

154 2259 316 2308 quam
369 2259 547 2293 rerum
601 2244 941 2295 ueneriarum
989 2244 1182 2312 cupida
1223 2244 1305 2295 sit.
1436 2244 1470 2295 2
1529 2262 1658 2296 non
1706 2244 1848 2295 dum
1923 2261 1939 2320 3·

153 2314 370 2366 munia
411 2317 730 2383 comparis
773 2335 1059 2386 aequare.
1118 2319 1399 2400 eleganter
1438 2318 1591 2385 quasi
1631 2317 1732 2369 de
1718 2335 1846 2387 iugo

153 2387 372 2440 ferendo
413 2390 672 2458 loquitur,
722 2391 863 2458 quod
904 2391 967 2443 de
1009 2391 1260 2460 coniugio
1300 2391 1542 2459 intellegi
1581 2390 1712 2443 uult.
1777 2360 1846 2443 t³ss

154 2480 321 2514 66116
357 2462 585 2514 fluuiis
618 2481 876 2532 grauem
909 2465 1185 2516 solantis
1227 2467 1484 2517 aestum.
1548 2465 1847 2533 elegantius
1909 2491 1923 2529 †

87 2555 129 2586 30
155 2535 258 2587 dici
304 2555 416 2588 non
462 2540 666 2606 potest,
718 2556 879 2606 quam
925 2538 1027 2590 hoc
1076 2538 1270 2589 dicitur
1318 2538 1548 2590 fluuiis
1589 2555 1847 2607 grauem

157 2610 434 2661 solantis
476 2614 747 2679 aestum,
789 2612 930 2680 quod
971 2612 1260 2680 significat:
1301 2612 1686 2682 refrigerantis.
1750 2630 1847 2664 so-

152 2684 353 2735 lantis
395 2687 653 2737 aestum.
727 2687 907 2738 solans
950 2689 1159 2738 aestum
1197 2705 1294 2754 pro
1335 2687 1687 2756 refrigerante
1728 2702 1847 2755 gra-

273 2833 298 2871 3
333 2843 491 2872 casum
525 2830 587 2871 M
677 2835 701 2873 6
735 2830 828 2873 Ph:
861 2830 890 2873 f.
927 2832 990 2873 M
1080 2837 1104 2875 7
1137 2832 1330 2874 16611616
1363 2831 1664 2888 anthipofora
1697 2831 1760 2873 M
1914 2875 1916 2877 ,

158 2890 184 2929 8
218 2886 294 2929 del
325 2902 525 2932 messam
559 2889 622 2931 M
737 2903 926 2945 regmae
961 2890 1024 2933 M
1142 2895 1166 2933 9
1200 2890 1356 2933 fuerat
1380 2891 1444 2933 M
1559 2890 1736 2946 fylhdis
1769 2889 1848 2933 ad-

155 2944 320 2988 tullset
354 2947 416 2989 M
506 2953 560 2991 10
591 2947 754 2992 f1lhd1s
790 2948 852 2991 Μ
943 2954 993 2991 11
1030 2949 1192 2993 decore
1228 2950 1290 2991 M
1383 2954 1436 2992 13
1469 2948 1667 3005 fylhden
1700 2949 1763 2992 M
1904 2950 1912 2993 ἶ

157 3008 211 3046 16
244 3004 614 3060 pulchitodmem
650 3008 711 3049 M
801 3012 855 3051 18
889 3009 1052 3064 gratae
1085 3012 1126 3051 et
1149 3013 1203 3051 21
1232 3008 1415 3052 61166116
1440 3008 1504 3050 Μ
1590 3013 1645 3052 23
1670 3021 1849 3064 1a1gum
1937 3040 1939 3065 3

156 3062 219 3105 Μ
307 3068 361 3106 27
396 3078 501 3107 cum
531 3079 658 3122 pams
687 3066 749 3109 Μ
846 3071 900 3110 28
935 3067 1005 3110 1111
1039 3067 1101 3109 Μ
1205 3072 1261 3111 30
1294 3081 1404 3123 quia
1438 3067 1501 3110 M
1603 3072 1658 3111 32
1693 3066 1848 3111 solans
1898 3073 1915 3105 »ε
