1939 3197
647 59 765 105 ODE
798 60 876 115 IV,
909 66 935 105 6
967 62 1016 105 et
1048 65 1086 105 7.
1616 62 1717 114 131

31 198 165 251 liore
213 198 363 266 alite,
406 195 509 248 hoc
558 198 660 264 est,
710 195 929 248 meliore
977 196 1215 266 auspicio
1263 197 1475 250 Aeneas
1532 199 1719 251 urbem

33 272 398 324 constitueret.
513 269 582 322 26
624 270 729 338 qui
767 267 1026 322 Xantho
1067 271 1234 323 lauis
1276 289 1455 323 amne
1497 272 1720 325 crines

36 344 212 398 ‘lauis'
267 347 474 397 ueteres
530 343 723 395 dixisse
778 362 891 396 non
948 343 1153 413 ‘lauas',
1216 347 1268 397 et
1332 344 1549 398 ‘lauere'
1611 363 1722 398 non

35 417 254 471 ‘lauare'
302 437 464 487 supra
515 417 860 469 ostendimus
1012 419 1081 470 27
1122 417 1410 471 Dauniae
1451 419 1726 472 defende

27 492 219 544 decus
262 490 578 544 Camenae
617 491 783 543 leuis
823 490 1090 560 Agyieu,
1167 491 1411 545 Dauniae
1453 492 1764 546 Camenae5

31 585 159 618 suae
220 584 404 619 musae
470 565 600 617 dicit
645 564 907 617 Horatius
957 565 1011 617 id
1066 569 1148 618 est
1206 567 1288 618 sui
1342 568 1618 636 carminiS,
1673 567 1721 619 si

31 639 246 708 quidem
276 640 491 693 Daunia
521 638 725 708 Apulia
765 642 861 706 est,
900 639 957 691 in
997 640 1145 692 cuius
1186 641 1381 693 finibus
1422 644 1582 694 natus
1624 643 1720 694 est.

178 715 246 768 28
288 715 458 766 leuis
498 713 763 783 Agyieu,
826 709 1015 780 ἀγυιαὶ
1055 714 1174 766 uiae
1216 713 1418 767 Graece
1458 716 1721 767 dicuntur.

28 785 238 841 Uarro
266 791 471 840 autem:
513 788 656 856 quod
680 805 743 839 ex
766 805 1028 855 responso
1055 788 1259 840 oraculi
1282 789 1339 840 in
1362 789 1465 840 uiis
1490 789 1720 858 publicis

28 861 179 914 urbis
235 880 361 915 suae
410 861 769 914 Athenienses
823 861 1044 914 statutis
1102 862 1364 915 altaribus
1421 863 1720 916 sacrificare
1747 881 1787 915 10

29 935 275 1003 Apollini
313 936 665 1004 instituerint,
703 935 971 1004 Agyieum
1011 937 1368 1004 appellauere.
1480 938 1551 990 31
1592 937 1720 989 uir-

27 1010 247 1078 ginum
293 1010 540 1078 primae
587 1010 898 1078 puerique
955 1010 1154 1062 claris
1209 1012 1511 1078 patribus
1569 1010 1721 1080 orti,

29 1082 257 1137 Deliae
304 1085 521 1136 tutela
562 1084 714 1136 deae
762 1083 817 1135 id
857 1086 963 1136 est:
1021 1085 1111 1153 qui
1152 1085 1281 1136 estis
1320 1086 1494 1137 tutela
1531 1084 1721 1137 Deliae

32 1157 161 1209 deae
221 1159 325 1211 hoc
381 1161 463 1210 est
508 1157 740 1225 Dianae3
797 1158 976 1226 σχῆμα
1031 1162 1114 1210 est
1167 1156 1501 1227 ἐπεξήγησις.
1650 1158 1721 1211 35

29 1229 333 1284 Lesbium
397 1235 654 1284 seruate
717 1231 938 1300 pedem
1008 1232 1063 1284 id
1125 1235 1232 1285 est:
1310 1233 1497 1286 Alcaei
1557 1233 1712 1302 lyrici
1747 1250 1789 1284 15

26 1307 261 1375 ipoetae‚
325 1306 415 1374 qui
467 1305 692 1358 Lesbius
753 1305 870 1358 fuit.
1021 1306 1092 1359 35
1152 1307 1396 1375 meique
1457 1308 1720 1375 pollicis

29 1383 232 1433 sctum
316 1380 371 1431 id
438 1383 544 1432 est:
606 1380 1029 1433 modulationem
1089 1380 1242 1449 lyrici
1303 1382 1570 1434 carminis,
1669 1385 1722 1434 et

28 1455 278 1506 ruauiter
316 1454 420 1506 hoc
460 1454 667 1523 dicitur,
708 1455 861 1523 quasi
899 1456 1012 1523 ipse
1051 1454 1224 1523 lyram
1262 1456 1543 1523 percutiat.
1649 1455 1718 1507 37

27 1527 161 1581 Lite
201 1528 488 1580 Latonae
527 1547 792 1596 puerum
833 1531 1137 1580 canentes
1184 1528 1239 1580 id
1274 1531 1380 1581 est:
1412 1528 1721 1598 Apollinem

31 1600 265 1655 datonae
303 1602 488 1654 filium.
602 1603 672 1656 39
727 1602 1130 1672 celeremque
1168 1621 1410 1672 pronos
1450 1604 1720 1656 uoluere
1746 1622 1787 1655 20

31 1694 298 1728 menses
399 1676 524 1745 quia
572 1677 820 1729 similiter
865 1695 962 1745 per
1008 1678 1167 1729 lunae
1219 1694 1434 1729 cursum
1473 1678 1723 1731 uidentur

39 1768 258 1819 empora
311 1752 503 1820 peragi
557 1754 618 1804 ut
669 1769 766 1820 per
823 1752 967 1804 solis.
1070 1750 1161 1803 sed
1215 1755 1268 1803 et
1323 1752 1467 1804 circa
1530 1753 1722 1805 lunam

38 1825 245 1892 croprie
285 1825 524 1877 mensis
566 1825 715 1894 dixit⁷
748 1825 873 1894 quia
899 1825 1123 1895 singulis
1148 1826 1420 1878 mensibus
1445 1827 1721 1880 zodiacum

36 1898 293 1963 airculum
331 1900 459 1951 luna
500 1901 817 1969 pertransit,
866 1918 1024 1968 quem
1064 1899 1145 1951 sol
1184 1901 1301 1952 toto
1344 1918 1498 1953 anno.
1647 1901 1716 1952 41

31 1977 235 2041 nupta
272 1973 398 2024 iam
439 1973 637 2025 dices:
688 1975 899 2042 quando
947 1973 1112 2026 fueris
1160 1973 1268 2024 iam
1314 1977 1497 2042 nupta.
1648 1973 1720 2026 42
1744 1991 1787 2025 25

37 2045 273 2111 [saecula
311 2046 472 2112 festa]
530 2049 789 2100 saeculo
829 2048 1041 2100 festas
1082 2045 1408 2098 referente
1444 2049 1619 2100 luces
1667 2046 1722 2099 id

33 2122 139 2172 est:
182 2120 263 2172 die
305 2121 568 2173 saeculari
606 2121 804 2174 festum
843 2121 1120 2174 referente.

744 2252 863 2297 ODE
898 2257 940 2309 4,
975 2257 1014 2296 7.

179 2342 528 2412 Diffugere
578 2343 777 2396 niues.
878 2360 1092 2395 carmen
1130 2342 1234 2396 hoc
1272 2343 1424 2395 uerni
1461 2343 1720 2412 temporis

38 2418 277 2470 continet
309 2417 734 2485 descriptionem.
797 2418 1048 2470 scribitur
1080 2419 1259 2470 autem
1286 2417 1354 2470 ad
1377 2417 1720 2486 Torquatum.
1745 2433 1789 2467 30

156 2568 178 2606 1
213 2564 325 2608 alite
357 2564 446 2607 hoc
479 2564 549 2606 est
579 2564 770 2608 meliore
804 2563 916 2608 alite
948 2564 1036 2607 hoc
1070 2563 1133 2606 M
1273 2568 1298 2607 7
1342 2563 1508 2620 quibus
1545 2562 1719 2606 simbus

43 2622 106 2666 Μ
223 2628 248 2667 8
275 2617 706 2682 dgyieula&graece
740 2623 802 2666 M
920 2628 945 2667 9
979 2623 1125 2666 Uarro
1157 2622 1246 2666 ait:
1280 2623 1406 2678 quod
1438 2638 1466 2678 ς
1499 2622 1721 2678 (Uarrone

36 2682 159 2726 teste
191 2681 300 2725 Aer.
330 2682 457 2738 Βφ),
498 2681 641 2725 Barro
673 2683 831 2727 autem
863 2682 988 2738 quod
1020 2682 1095 2736 M,
1125 2695 1262 2738 porro
1296 2684 1453 2725 autem
1486 2681 1610 2737 quod
1640 2693 1723 2725 ‘nos

159 2746 211 2784 11
245 2740 548 2785 instituerunt
579 2742 678 2795 alii,
710 2743 795 2786 alii
825 2741 1129 2785 instituerant
1251 2747 1303 2785 12
1339 2755 1542 2798 primum
1575 2740 1638 2783 M

41 2804 97 2843 14
128 2800 467 2845 ΕΦΕΞΗΓΗΕΙΕ
501 2800 563 2843 M
645 2806 699 2845 15
730 2801 906 2845 lenium
940 2801 1002 2844 M
1089 2805 1141 2845 18
1173 2800 1273 2857 ipse
1305 2801 1401 2845 cod.
1434 2799 1479 2843 A
1503 2799 1723 2844 Acrom's:

34 2871 191 2915 ipsam
224 2860 288 2904 M
317 2875 345 2915 ς
489 2864 541 2904 19
576 2861 860 2917 appollinem
895 2860 958 2903 M
1089 2864 1144 2905 22
1179 2861 1226 2904 et
1257 2872 1339 2904 om.
1373 2874 1402 2915 ς
1530 2864 1585 2904 23
1617 2872 1723 2916 pro-

37 2931 170 2974 pr1ae
201 2919 266 2962 M
384 2924 438 2963 27
472 2918 546 2962 die
579 2919 807 2965 saeculari
840 2919 1018 2976 Pauly:
1050 2919 1174 2962 d1em
1207 2919 1441 2964 saeculare
1476 2918 1539 2962 M
1665 2923 1722 2962 30

41 2975 319 3033 dorquatum
354 2978 416 3021 M

1303 3051 1367 3096 9*
