<?xml version="1.0" encoding="UTF-8"?>
<!DOCTYPE html PUBLIC "-//W3C//DTD XHTML 1.0 Transitional//EN"
    "http://www.w3.org/TR/xhtml1/DTD/xhtml1-transitional.dtd">
<html xmlns="http://www.w3.org/1999/xhtml" xml:lang="en" lang="en">
 <head>
  <title>
</title>
<meta http-equiv="Content-Type" content="text/html;charset=utf-8" />
  <meta name='ocr-system' content='tesseract 3.04.00' />
  <meta name='ocr-capabilities' content='ocr_page ocr_carea ocr_par ocr_line ocrx_word'/>
</head>
<body>
  <div class='ocr_page' id='page_1' title='image "./pomponiiporphyri00pomp_0123.png"; bbox 0 0 1939 3197; ppageno 0'>
   <div class='ocr_carea' id='block_1_1' title="bbox 647 89 1742 148">
    <p class='ocr_par' dir='ltr' id='par_1_1' title="bbox 647 89 1742 148">
     <span class='ocr_line' id='line_1_1' title="bbox 647 89 1742 148; baseline 0.004 -10"><span class='ocrx_word' id='word_1_1' title='bbox 647 92 767 138; x_wconf 82' lang='lat' dir='ltr'><strong>ODE</strong></span> <span class='ocrx_word' id='word_1_2' title='bbox 800 91 888 148; x_wconf 80' lang='grc' dir='ltr'><strong>ΠΙ,</strong></span> <span class='ocrx_word' id='word_1_3' title='bbox 927 96 981 135; x_wconf 84' lang='lat'><strong>22</strong></span> <span class='ocrx_word' id='word_1_4' title='bbox 1015 93 1062 135; x_wconf 72' lang='lat' dir='ltr'><strong>et</strong></span> <span class='ocrx_word' id='word_1_5' title='bbox 1094 96 1164 136; x_wconf 84' lang='lat'><strong>23.</strong></span> <span class='ocrx_word' id='word_1_6' title='bbox 1639 89 1742 142; x_wconf 85' lang='lat'><strong>109</strong></span> 
     </span>
    </p>
   </div>
   <div class='ocr_carea' id='block_1_2' title="bbox 54 226 1788 740">
    <p class='ocr_par' dir='ltr' id='par_1_2' title="bbox 54 226 1788 740">
     <span class='ocr_line' id='line_1_2' title="bbox 54 226 1743 294; baseline -0.002 -12"><span class='ocrx_word' id='word_1_7' title='bbox 54 230 214 282; x_wconf 83' lang='lat' dir='ltr'><strong>annis</strong></span> <span class='ocrx_word' id='word_1_8' title='bbox 266 247 321 281; x_wconf 90' lang='lat' dir='ltr'><strong>se</strong></span> <span class='ocrx_word' id='word_1_9' title='bbox 363 228 783 281; x_wconf 85' lang='lat' dir='ltr'><strong>sacrificaturum</strong></span> <span class='ocrx_word' id='word_1_10' title='bbox 821 226 1160 294; x_wconf 71' lang='lat' dir='ltr'><strong>repromittit.</strong></span> <span class='ocrx_word' id='word_1_11' title='bbox 1274 226 1308 278; x_wconf 77' lang='lat'>2</span> <span class='ocrx_word' id='word_1_12' title='bbox 1349 244 1505 294; x_wconf 90' lang='lat' dir='ltr'><strong>quae</strong></span> <span class='ocrx_word' id='word_1_13' title='bbox 1566 226 1743 278; x_wconf 87' lang='lat' dir='ltr'><strong>labo-</strong></span> 
     </span>
     <span class='ocr_line' id='line_1_3' title="bbox 59 299 1744 370; baseline -0.002 -15"><span class='ocrx_word' id='word_1_14' title='bbox 59 306 279 355; x_wconf 77' lang='lat' dir='ltr'><strong>rantes</strong></span> <span class='ocrx_word' id='word_1_15' title='bbox 331 304 508 354; x_wconf 86' lang='lat' dir='ltr'><strong>utero</strong></span> <span class='ocrx_word' id='word_1_16' title='bbox 556 302 807 370; x_wconf 84' lang='lat' dir='ltr'><strong>puellas</strong></span> <span class='ocrx_word' id='word_1_17' title='bbox 847 303 944 352; x_wconf 87' lang='lat' dir='ltr'><strong>ter</strong></span> <span class='ocrx_word' id='word_1_18' title='bbox 982 302 1209 352; x_wconf 90' lang='lat' dir='ltr'><strong>uocata</strong></span> <span class='ocrx_word' id='word_1_19' title='bbox 1250 299 1444 351; x_wconf 72' lang='lat' dir='ltr'>audis</span> <span class='ocrx_word' id='word_1_20' title='bbox 1560 318 1744 352; x_wconf 88' lang='lat' dir='ltr'><strong>secun-</strong></span> 
     </span>
     <span class='ocr_line' id='line_1_4' title="bbox 58 372 1746 444; baseline -0.001 -16"><span class='ocrx_word' id='word_1_21' title='bbox 58 377 186 429; x_wconf 90' lang='lat' dir='ltr'><strong>dum</strong></span> <span class='ocrx_word' id='word_1_22' title='bbox 233 375 555 428; x_wconf 82' lang='lat' dir='ltr'><strong>Graecorum</strong></span> <span class='ocrx_word' id='word_1_23' title='bbox 611 375 940 444; x_wconf 81' lang='lat' dir='ltr'>opinionem,</span> <span class='ocrx_word' id='word_1_24' title='bbox 995 374 1087 443; x_wconf 89' lang='lat' dir='ltr'><strong>qui</strong></span> <span class='ocrx_word' id='word_1_25' title='bbox 1137 374 1472 442; x_wconf 87' lang='lat' dir='ltr'><strong>parientibus</strong></span> <span class='ocrx_word' id='word_1_26' title='bbox 1512 372 1746 426; x_wconf 82' lang='lat' dir='ltr'>Dianam</span> 
     </span>
     <span class='ocr_line' id='line_1_5' title="bbox 61 447 1745 518; baseline -0.001 -17"><span class='ocrx_word' id='word_1_27' title='bbox 61 450 245 502; x_wconf 82' lang='lat' dir='ltr'>adesse</span> <span class='ocrx_word' id='word_1_28' title='bbox 286 449 492 517; x_wconf 87' lang='lat' dir='ltr'><strong>dicunt,</strong></span> <span class='ocrx_word' id='word_1_29' title='bbox 548 468 707 518; x_wconf 86' lang='lat' dir='ltr'>quam</span> <span class='ocrx_word' id='word_1_30' title='bbox 746 447 863 500; x_wconf 91' lang='lat' dir='ltr'><strong>ideo</strong></span> <span class='ocrx_word' id='word_1_31' title='bbox 902 447 1162 501; x_wconf 80' lang='lat' dir='ltr'>Lucinam</span> <span class='ocrx_word' id='word_1_32' title='bbox 1202 448 1554 515; x_wconf 79' lang='lat' dir='ltr'><strong>appellamUS‚</strong></span> <span class='ocrx_word' id='word_1_33' title='bbox 1603 447 1745 516; x_wconf 88' lang='lat' dir='ltr'><strong>quod</strong></span> 
     </span>
     <span class='ocr_line' id='line_1_6' title="bbox 59 521 1788 576; baseline 0 -1"><span class='ocrx_word' id='word_1_34' title='bbox 59 524 233 576; x_wconf 91' lang='lat' dir='ltr'><strong>lucem</strong></span> <span class='ocrx_word' id='word_1_35' title='bbox 271 523 614 575; x_wconf 87' lang='lat' dir='ltr'><strong>nascentibus</strong></span> <span class='ocrx_word' id='word_1_36' title='bbox 655 523 873 574; x_wconf 86' lang='lat' dir='ltr'><strong>tribuat.</strong></span> <span class='ocrx_word' id='word_1_37' title='bbox 987 522 1022 573; x_wconf 86' lang='lat'><strong>4</strong></span> <span class='ocrx_word' id='word_1_38' title='bbox 1079 521 1225 573; x_wconf 92' lang='lat' dir='ltr'>diua</span> <span class='ocrx_word' id='word_1_39' title='bbox 1279 521 1597 574; x_wconf 84' lang='lat' dir='ltr'><strong>triformis</strong></span> <span class='ocrx_word' id='word_1_40' title='bbox 1653 540 1788 576; x_wconf 87' lang='lat' dir='ltr'><strong>cur5</strong></span> 
     </span>
     <span class='ocr_line' id='line_1_7' title="bbox 59 595 1747 666; baseline -0.001 -17"><span class='ocrx_word' id='word_1_41' title='bbox 59 597 287 665; x_wconf 75' lang='lat' dir='ltr'><strong>dicatur,</strong></span> <span class='ocrx_word' id='word_1_42' title='bbox 340 600 530 650; x_wconf 91' lang='lat' dir='ltr'><strong>notum</strong></span> <span class='ocrx_word' id='word_1_43' title='bbox 578 599 682 665; x_wconf 79' lang='lat' dir='ltr'><strong>est,</strong></span> <span class='ocrx_word' id='word_1_44' title='bbox 736 596 862 666; x_wconf 87' lang='lat' dir='ltr'>quia</span> <span class='ocrx_word' id='word_1_45' title='bbox 918 595 1119 648; x_wconf 84' lang='lat' dir='ltr'><strong>scilicet</strong></span> <span class='ocrx_word' id='word_1_46' title='bbox 1174 595 1357 647; x_wconf 89' lang='lat' dir='ltr'><strong>eadem</strong></span> <span class='ocrx_word' id='word_1_47' title='bbox 1412 596 1747 648; x_wconf 86' lang='lat' dir='ltr'><strong>existimatur</strong></span> 
     </span>
     <span class='ocr_line' id='line_1_8' title="bbox 57 670 845 740; baseline 0 -18"><span class='ocrx_word' id='word_1_48' title='bbox 57 670 233 738; x_wconf 75' lang='lat' dir='ltr'>Luna,</span> <span class='ocrx_word' id='word_1_49' title='bbox 272 671 469 739; x_wconf 83' lang='lat' dir='ltr'>Diana,</span> <span class='ocrx_word' id='word_1_50' title='bbox 508 670 845 740; x_wconf 81' lang='lat' dir='ltr'><strong>Proserpina.</strong></span> 
     </span>
    </p>
   </div>
   <div class='ocr_carea' id='block_1_3' title="bbox 752 829 1048 883">
    <p class='ocr_par' dir='ltr' id='par_1_3' title="bbox 752 829 1048 883">
     <span class='ocr_line' id='line_1_9' title="bbox 752 829 1048 883; baseline -0.007 -10"><span class='ocrx_word' id='word_1_51' title='bbox 752 829 870 873; x_wconf 85' lang='lat' dir='ltr'><strong>ODE</strong></span> <span class='ocrx_word' id='word_1_52' title='bbox 905 835 944 883; x_wconf 87' lang='lat'><strong>3,</strong></span> <span class='ocrx_word' id='word_1_53' title='bbox 978 833 1048 872; x_wconf 83' lang='lat'><strong>23.</strong></span> 
     </span>
    </p>
   </div>
   <div class='ocr_carea' id='block_1_4' title="bbox 56 914 1822 2614">
    <p class='ocr_par' dir='ltr' id='par_1_4' title="bbox 56 914 1822 2614">
     <span class='ocr_line' id='line_1_10' title="bbox 207 914 1748 991; baseline -0.002 -17"><span class='ocrx_word' id='word_1_54' title='bbox 207 921 398 974; x_wconf 80' lang='lat' dir='ltr'><strong>Caelo</strong></span> <span class='ocrx_word' id='word_1_55' title='bbox 456 921 719 989; x_wconf 87' lang='lat' dir='ltr'><strong>supinas</strong></span> <span class='ocrx_word' id='word_1_56' title='bbox 777 922 829 972; x_wconf 92' lang='lat' dir='ltr'><strong>si</strong></span> <span class='ocrx_word' id='word_1_57' title='bbox 885 920 1113 972; x_wconf 84' lang='lat' dir='ltr'><strong>tuleris</strong></span> <span class='ocrx_word' id='word_1_58' title='bbox 1168 938 1406 972; x_wconf 85' lang='lat' dir='ltr'><strong>manus.</strong></span> <span class='ocrx_word' id='word_1_59' title='bbox 1482 920 1584 972; x_wconf 89' lang='lat' dir='ltr'><strong>hac</strong></span> <span class='ocrx_word' id='word_1_60' title='bbox 1631 914 1748 991; x_wconf 70' lang='grc' dir='ltr'><strong>ᾠδῇ</strong></span> 
     </span>
     <span class='ocr_line' id='line_1_11' title="bbox 57 993 1815 1064; baseline -0.001 -17"><span class='ocrx_word' id='word_1_61' title='bbox 57 996 329 1064; x_wconf 85' lang='lat' dir='ltr'>quandam</span> <span class='ocrx_word' id='word_1_62' title='bbox 383 995 645 1063; x_wconf 83' lang='lat' dir='ltr'><strong>Phidylen</strong></span> <span class='ocrx_word' id='word_1_63' title='bbox 708 995 1015 1064; x_wconf 88' lang='lat' dir='ltr'><strong>adloquitur</strong></span> <span class='ocrx_word' id='word_1_64' title='bbox 1076 994 1255 1046; x_wconf 90' lang='lat' dir='ltr'><strong>dicens</strong></span> <span class='ocrx_word' id='word_1_65' title='bbox 1320 994 1366 1045; x_wconf 90' lang='lat' dir='ltr'><strong>ei</strong></span> <span class='ocrx_word' id='word_1_66' title='bbox 1421 993 1546 1046; x_wconf 89' lang='lat' dir='ltr'><strong>deos</strong></span> <span class='ocrx_word' id='word_1_67' title='bbox 1600 995 1746 1061; x_wconf 86' lang='lat' dir='ltr'><strong>puris</strong></span> <span class='ocrx_word' id='word_1_68' title='bbox 1776 1021 1815 1052; x_wconf 74' lang='lat'><strong>10</strong></span> 
     </span>
     <span class='ocr_line' id='line_1_12' title="bbox 62 1068 1747 1136; baseline -0.001 -15"><span class='ocrx_word' id='word_1_69' title='bbox 62 1070 309 1121; x_wconf 87' lang='lat' dir='ltr'>manibus</span> <span class='ocrx_word' id='word_1_70' title='bbox 350 1072 403 1121; x_wconf 92' lang='lat' dir='ltr'><strong>et</strong></span> <span class='ocrx_word' id='word_1_71' title='bbox 440 1069 584 1121; x_wconf 88' lang='lat' dir='ltr'><strong>bona</strong></span> <span class='ocrx_word' id='word_1_72' title='bbox 624 1069 951 1121; x_wconf 86' lang='lat' dir='ltr'><strong>conscientia</strong></span> <span class='ocrx_word' id='word_1_73' title='bbox 983 1068 1234 1120; x_wconf 90' lang='lat' dir='ltr'><strong>colendos</strong></span> <span class='ocrx_word' id='word_1_74' title='bbox 1277 1086 1406 1120; x_wconf 88' lang='lat' dir='ltr'><strong>esse.</strong></span> <span class='ocrx_word' id='word_1_75' title='bbox 1484 1068 1747 1136; x_wconf 88' lang='lat' dir='ltr'><strong>supinas</strong></span> 
     </span>
     <span class='ocr_line' id='line_1_13' title="bbox 60 1141 1747 1212; baseline 0 -18"><span class='ocrx_word' id='word_1_76' title='bbox 60 1142 116 1194; x_wconf 91' lang='lat' dir='ltr'><strong>id</strong></span> <span class='ocrx_word' id='word_1_77' title='bbox 156 1146 258 1195; x_wconf 89' lang='lat' dir='ltr'><strong>est:</strong></span> <span class='ocrx_word' id='word_1_78' title='bbox 301 1143 564 1211; x_wconf 88' lang='lat' dir='ltr'><strong>subplices</strong></span> <span class='ocrx_word' id='word_1_79' title='bbox 604 1146 664 1194; x_wconf 93' lang='lat' dir='ltr'><strong>ut</strong></span> <span class='ocrx_word' id='word_1_80' title='bbox 702 1142 1057 1212; x_wconf 82' lang='lat' dir='ltr'><strong>Uergilius:</strong></span> <span class='ocrx_word' id='word_1_81' title='bbox 1097 1141 1444 1211; x_wconf 84' lang='lat' dir='ltr'><strong>Tendoque</strong></span> <span class='ocrx_word' id='word_1_82' title='bbox 1485 1142 1747 1210; x_wconf 85' lang='lat' dir='ltr'><strong>supinas</strong></span> 
     </span>
     <span class='ocr_line' id='line_1_14' title="bbox 62 1215 1748 1283; baseline 0 -15"><span class='ocrx_word' id='word_1_83' title='bbox 62 1215 168 1268; x_wconf 84' lang='lat' dir='ltr'><strong>Ad.</strong></span> <span class='ocrx_word' id='word_1_84' title='bbox 194 1218 434 1269; x_wconf 90' lang='lat' dir='ltr'><strong>caelum</strong></span> <span class='ocrx_word' id='word_1_85' title='bbox 475 1235 607 1269; x_wconf 93' lang='lat' dir='ltr'><strong>cum</strong></span> <span class='ocrx_word' id='word_1_86' title='bbox 641 1234 793 1269; x_wconf 92' lang='lat' dir='ltr'><strong>uoce</strong></span> <span class='ocrx_word' id='word_1_87' title='bbox 819 1234 1056 1267; x_wconf 81' lang='lat' dir='ltr'>manus,</span> <span class='ocrx_word' id='word_1_88' title='bbox 1172 1217 1203 1268; x_wconf 80' lang='lat'>8</span> <span class='ocrx_word' id='word_1_89' title='bbox 1229 1215 1543 1283; x_wconf 84' lang='lat' dir='ltr'><strong>pomifero</strong></span> <span class='ocrx_word' id='word_1_90' title='bbox 1585 1234 1748 1268; x_wconf 90' lang='lat' dir='ltr'><strong>anno</strong></span> 
     </span>
     <span class='ocr_line' id='line_1_15' title="bbox 56 1290 1750 1359; baseline -0.001 -17"><span class='ocrx_word' id='word_1_91' title='bbox 56 1308 157 1359; x_wconf 89' lang='lat' dir='ltr'><strong>pro</strong></span> <span class='ocrx_word' id='word_1_92' title='bbox 211 1292 471 1358; x_wconf 78' lang='lat' dir='ltr'><strong>pomifera</strong></span> <span class='ocrx_word' id='word_1_93' title='bbox 524 1293 675 1359; x_wconf 86' lang='lat' dir='ltr'><strong>parte</strong></span> <span class='ocrx_word' id='word_1_94' title='bbox 731 1290 860 1342; x_wconf 92' lang='lat' dir='ltr'>anni</span> <span class='ocrx_word' id='word_1_95' title='bbox 909 1290 963 1341; x_wconf 89' lang='lat' dir='ltr'><strong>id</strong></span> <span class='ocrx_word' id='word_1_96' title='bbox 1014 1292 1095 1341; x_wconf 90' lang='lat' dir='ltr'><strong>est</strong></span> <span class='ocrx_word' id='word_1_97' title='bbox 1146 1292 1385 1357; x_wconf 87' lang='lat' dir='ltr'><strong>tempore</strong></span> <span class='ocrx_word' id='word_1_98' title='bbox 1437 1290 1750 1357; x_wconf 84' lang='lat' dir='ltr'><strong>autumnali,</strong></span> 
     </span>
     <span class='ocr_line' id='line_1_16' title="bbox 62 1363 1817 1433; baseline -0.001 -17"><span class='ocrx_word' id='word_1_99' title='bbox 62 1364 203 1432; x_wconf 93' lang='lat' dir='ltr'><strong>quod</strong></span> <span class='ocrx_word' id='word_1_100' title='bbox 243 1368 324 1416; x_wconf 85' lang='lat' dir='ltr'><strong>est</strong></span> <span class='ocrx_word' id='word_1_101' title='bbox 362 1381 524 1433; x_wconf 81' lang='lat' dir='ltr'><strong>graue</strong></span> <span class='ocrx_word' id='word_1_102' title='bbox 566 1383 626 1417; x_wconf 86' lang='lat' dir='ltr'><strong>ac</strong></span> <span class='ocrx_word' id='word_1_103' title='bbox 664 1364 937 1432; x_wconf 66' lang='lat' dir='ltr'><strong>pestilens</strong></span> <span class='ocrx_word' id='word_1_104' title='bbox 1051 1364 1083 1415; x_wconf 84' lang='lat'>9</span> <span class='ocrx_word' id='word_1_105' title='bbox 1139 1381 1281 1415; x_wconf 86' lang='lat' dir='ltr'><strong>nam</strong></span> <span class='ocrx_word' id='word_1_106' title='bbox 1337 1381 1494 1433; x_wconf 86' lang='lat' dir='ltr'><strong>quae</strong></span> <span class='ocrx_word' id='word_1_107' title='bbox 1546 1363 1750 1416; x_wconf 88' lang='lat' dir='ltr'>niuali</span> <span class='ocrx_word' id='word_1_108' title='bbox 1775 1392 1817 1425; x_wconf 68' lang='lat'><strong>15</strong></span> 
     </span>
     <span class='ocr_line' id='line_1_17' title="bbox 59 1437 1749 1508; baseline 0.001 -19"><span class='ocrx_word' id='word_1_109' title='bbox 59 1438 350 1505; x_wconf 88' lang='lat' dir='ltr'><strong>pascitur</strong></span> <span class='ocrx_word' id='word_1_110' title='bbox 387 1437 624 1508; x_wconf 81' lang='lat' dir='ltr'><strong>Algido</strong></span> <span class='ocrx_word' id='word_1_111' title='bbox 665 1438 912 1490; x_wconf 86' lang='lat' dir='ltr'><strong>deuota.</strong></span> <span class='ocrx_word' id='word_1_112' title='bbox 961 1437 1088 1489; x_wconf 79' lang='lat' dir='ltr'><strong>dicit</strong></span> <span class='ocrx_word' id='word_1_113' title='bbox 1128 1437 1271 1489; x_wconf 88' lang='lat' dir='ltr'>aliud</span> <span class='ocrx_word' id='word_1_114' title='bbox 1311 1438 1595 1490; x_wconf 90' lang='lat' dir='ltr'><strong>conuenire</strong></span> <span class='ocrx_word' id='word_1_115' title='bbox 1619 1456 1749 1505; x_wconf 90' lang='lat' dir='ltr'><strong>pon-</strong></span> 
     </span>
     <span class='ocr_line' id='line_1_18' title="bbox 58 1511 1750 1580; baseline -0.001 -17"><span class='ocrx_word' id='word_1_116' title='bbox 58 1511 315 1580; x_wconf 77' lang='lat' dir='ltr'><strong>tificibuS,</strong></span> <span class='ocrx_word' id='word_1_117' title='bbox 378 1511 521 1563; x_wconf 90' lang='lat' dir='ltr'>aliud</span> <span class='ocrx_word' id='word_1_118' title='bbox 576 1512 667 1580; x_wconf 87' lang='lat' dir='ltr'><strong>qui</strong></span> <span class='ocrx_word' id='word_1_119' title='bbox 719 1512 959 1580; x_wconf 87' lang='lat' dir='ltr'><strong>priuatos</strong></span> <span class='ocrx_word' id='word_1_120' title='bbox 1016 1529 1140 1563; x_wconf 85' lang='lat' dir='ltr'><strong>suos</strong></span> <span class='ocrx_word' id='word_1_121' title='bbox 1194 1511 1333 1563; x_wconf 86' lang='lat' dir='ltr'><strong>lares</strong></span> <span class='ocrx_word' id='word_1_122' title='bbox 1382 1514 1552 1563; x_wconf 87' lang='lat' dir='ltr'><strong>orant.</strong></span> <span class='ocrx_word' id='word_1_123' title='bbox 1628 1511 1750 1563; x_wconf 88' lang='lat' dir='ltr'><strong>illos</strong></span> 
     </span>
     <span class='ocr_line' id='line_1_19' title="bbox 61 1585 1752 1655; baseline -0.001 -18"><span class='ocrx_word' id='word_1_124' title='bbox 61 1586 203 1637; x_wconf 88' lang='lat' dir='ltr'><strong>enim</strong></span> <span class='ocrx_word' id='word_1_125' title='bbox 241 1586 446 1638; x_wconf 86' lang='lat' dir='ltr'><strong>hostias</strong></span> <span class='ocrx_word' id='word_1_126' title='bbox 486 1603 712 1655; x_wconf 83' lang='lat' dir='ltr'>magnas</span> <span class='ocrx_word' id='word_1_127' title='bbox 752 1585 852 1637; x_wconf 88' lang='lat' dir='ltr'><strong>diis</strong></span> <span class='ocrx_word' id='word_1_128' title='bbox 892 1585 1170 1637; x_wconf 87' lang='lat' dir='ltr'><strong>immolare</strong></span> <span class='ocrx_word' id='word_1_129' title='bbox 1203 1585 1409 1653; x_wconf 85' lang='lat' dir='ltr'><strong>debere,</strong></span> <span class='ocrx_word' id='word_1_130' title='bbox 1447 1585 1546 1637; x_wconf 87' lang='lat' dir='ltr'><strong>hos</strong></span> <span class='ocrx_word' id='word_1_131' title='bbox 1573 1589 1752 1637; x_wconf 87' lang='lat' dir='ltr'><strong>autem</strong></span> 
     </span>
     <span class='ocr_line' id='line_1_20' title="bbox 65 1659 1752 1727; baseline -0.001 -16"><span class='ocrx_word' id='word_1_132' title='bbox 65 1662 239 1727; x_wconf 79' lang='lat' dir='ltr'><strong>myrto</strong></span> <span class='ocrx_word' id='word_1_133' title='bbox 296 1662 350 1711; x_wconf 88' lang='lat' dir='ltr'><strong>et</strong></span> <span class='ocrx_word' id='word_1_134' title='bbox 401 1660 607 1711; x_wconf 86' lang='lat' dir='ltr'><strong>marino</strong></span> <span class='ocrx_word' id='word_1_135' title='bbox 654 1677 774 1711; x_wconf 86' lang='lat' dir='ltr'><strong>rore</strong></span> <span class='ocrx_word' id='word_1_136' title='bbox 826 1662 1108 1711; x_wconf 85' lang='lat' dir='ltr'><strong>contentos</strong></span> <span class='ocrx_word' id='word_1_137' title='bbox 1164 1677 1278 1710; x_wconf 89' lang='lat' dir='ltr'><strong>esse</strong></span> <span class='ocrx_word' id='word_1_138' title='bbox 1331 1659 1535 1711; x_wconf 88' lang='lat' dir='ltr'><strong>debere.</strong></span> <span class='ocrx_word' id='word_1_139' title='bbox 1610 1678 1752 1711; x_wconf 91' lang='lat' dir='ltr'><strong>nam</strong></span> 
     </span>
     <span class='ocr_line' id='line_1_21' title="bbox 61 1732 1818 1802; baseline 0.001 -18"><span class='ocrx_word' id='word_1_140' title='bbox 61 1751 218 1802; x_wconf 87' lang='lat' dir='ltr'><strong>quae</strong></span> <span class='ocrx_word' id='word_1_141' title='bbox 279 1734 484 1785; x_wconf 90' lang='lat' dir='ltr'>niuali</span> <span class='ocrx_word' id='word_1_142' title='bbox 544 1734 834 1802; x_wconf 90' lang='lat' dir='ltr'><strong>pascitur</strong></span> <span class='ocrx_word' id='word_1_143' title='bbox 887 1733 1124 1802; x_wconf 80' lang='lat' dir='ltr'><strong>Algido</strong></span> <span class='ocrx_word' id='word_1_144' title='bbox 1188 1732 1420 1786; x_wconf 89' lang='lat' dir='ltr'><strong>deuota</strong></span> <span class='ocrx_word' id='word_1_145' title='bbox 1482 1751 1818 1802; x_wconf 81' lang='lat' dir='ltr'><strong>quercus20</strong></span> 
     </span>
     <span class='ocr_line' id='line_1_22' title="bbox 59 1807 1754 1860; baseline 0.001 -2"><span class='ocrx_word' id='word_1_146' title='bbox 59 1807 233 1858; x_wconf 88' lang='lat' dir='ltr'><strong>inter</strong></span> <span class='ocrx_word' id='word_1_147' title='bbox 287 1810 347 1858; x_wconf 91' lang='lat' dir='ltr'><strong>et</strong></span> <span class='ocrx_word' id='word_1_148' title='bbox 400 1807 598 1859; x_wconf 88' lang='lat' dir='ltr'><strong>ilices.</strong></span> <span class='ocrx_word' id='word_1_149' title='bbox 675 1807 906 1859; x_wconf 79' lang='lat' dir='ltr'><strong>deuota</strong></span> <span class='ocrx_word' id='word_1_150' title='bbox 962 1810 1142 1859; x_wconf 88' lang='lat' dir='ltr'><strong>autem</strong></span> <span class='ocrx_word' id='word_1_151' title='bbox 1182 1807 1426 1859; x_wconf 89' lang='lat' dir='ltr'><strong>absolute</strong></span> <span class='ocrx_word' id='word_1_152' title='bbox 1467 1807 1660 1860; x_wconf 89' lang='lat' dir='ltr'><strong>dicitur</strong></span> <span class='ocrx_word' id='word_1_153' title='bbox 1700 1810 1754 1859; x_wconf 91' lang='lat' dir='ltr'><strong>et</strong></span> 
     </span>
     <span class='ocr_line' id='line_1_23' title="bbox 62 1881 1753 1950; baseline 0.001 -18"><span class='ocrx_word' id='word_1_154' title='bbox 62 1881 331 1950; x_wconf 81' lang='lat' dir='ltr'><strong>significat</strong></span> <span class='ocrx_word' id='word_1_155' title='bbox 396 1881 496 1933; x_wconf 90' lang='lat' dir='ltr'><strong>diis</strong></span> <span class='ocrx_word' id='word_1_156' title='bbox 571 1882 907 1933; x_wconf 85' lang='lat' dir='ltr'><strong>destinatam.</strong></span> <span class='ocrx_word' id='word_1_157' title='bbox 1009 1881 1137 1934; x_wconf 90' lang='lat' dir='ltr'><strong>ordo</strong></span> <span class='ocrx_word' id='word_1_158' title='bbox 1204 1884 1286 1933; x_wconf 91' lang='lat' dir='ltr'><strong>est</strong></span> <span class='ocrx_word' id='word_1_159' title='bbox 1341 1885 1519 1933; x_wconf 88' lang='lat' dir='ltr'><strong>autem</strong></span> <span class='ocrx_word' id='word_1_160' title='bbox 1584 1881 1753 1933; x_wconf 90' lang='lat' dir='ltr'>niuali</span> 
     </span>
     <span class='ocr_line' id='line_1_24' title="bbox 60 1955 1752 2024; baseline 0 -18"><span class='ocrx_word' id='word_1_161' title='bbox 60 1955 300 2022; x_wconf 88' lang='lat' dir='ltr'><strong>pascitur</strong></span> <span class='ocrx_word' id='word_1_162' title='bbox 360 1955 557 2024; x_wconf 76' lang='lat' dir='ltr'><strong>Algido</strong></span> <span class='ocrx_word' id='word_1_163' title='bbox 620 1956 761 2006; x_wconf 90' lang='lat' dir='ltr'><strong>inter</strong></span> <span class='ocrx_word' id='word_1_164' title='bbox 815 1973 1037 2023; x_wconf 87' lang='lat' dir='ltr'><strong>quercus</strong></span> <span class='ocrx_word' id='word_1_165' title='bbox 1101 1958 1154 2006; x_wconf 82' lang='lat' dir='ltr'><strong>et</strong></span> <span class='ocrx_word' id='word_1_166' title='bbox 1214 1955 1375 2007; x_wconf 69' lang='lat' dir='ltr'><strong>ilices</strong></span> <span class='ocrx_word' id='word_1_167' title='bbox 1538 1955 1606 2007; x_wconf 79' lang='lat'><strong>15</strong></span> <span class='ocrx_word' id='word_1_168' title='bbox 1661 1973 1752 2006; x_wconf 91' lang='lat' dir='ltr'><strong>co-</strong></span> 
     </span>
     <span class='ocr_line' id='line_1_25' title="bbox 59 2029 1753 2080; baseline 0 -1"><span class='ocrx_word' id='word_1_169' title='bbox 59 2031 392 2080; x_wconf 88' lang='lat' dir='ltr'><strong>ronantem</strong></span> <span class='ocrx_word' id='word_1_170' title='bbox 462 2030 714 2080; x_wconf 84' lang='lat' dir='ltr'><strong>marino</strong></span> <span class='ocrx_word' id='word_1_171' title='bbox 784 2046 926 2080; x_wconf 88' lang='lat' dir='ltr'><strong>rore</strong></span> <span class='ocrx_word' id='word_1_172' title='bbox 988 2029 1151 2080; x_wconf 87' lang='lat' dir='ltr'><strong>deos.</strong></span> <span class='ocrx_word' id='word_1_173' title='bbox 1249 2029 1517 2080; x_wconf 91' lang='lat' dir='ltr'>marinum</span> <span class='ocrx_word' id='word_1_174' title='bbox 1577 2046 1753 2080; x_wconf 91' lang='lat' dir='ltr'><strong>rorem</strong></span> 
     </span>
     <span class='ocr_line' id='line_1_26' title="bbox 58 2101 1822 2171; baseline 0.001 -18"><span class='ocrx_word' id='word_1_175' title='bbox 58 2101 323 2170; x_wconf 88' lang='lat' dir='ltr'><strong>hodieque</strong></span> <span class='ocrx_word' id='word_1_176' title='bbox 384 2103 440 2153; x_wconf 88' lang='lat' dir='ltr'><strong>in</strong></span> <span class='ocrx_word' id='word_1_177' title='bbox 485 2102 644 2153; x_wconf 84' lang='lat' dir='ltr'><strong>Italia</strong></span> <span class='ocrx_word' id='word_1_178' title='bbox 705 2102 1001 2171; x_wconf 83' lang='lat' dir='ltr'><strong>uirgultum</strong></span> <span class='ocrx_word' id='word_1_179' title='bbox 1063 2102 1330 2170; x_wconf 87' lang='lat' dir='ltr'>quoddam</span> <span class='ocrx_word' id='word_1_180' title='bbox 1393 2103 1678 2170; x_wconf 88' lang='lat' dir='ltr'><strong>appellant.</strong></span> <span class='ocrx_word' id='word_1_181' title='bbox 1778 2129 1822 2164; x_wconf 83' lang='lat'><strong>25</strong></span> 
     </span>
     <span class='ocr_line' id='line_1_27' title="bbox 68 2175 1753 2245; baseline 0.001 -19"><span class='ocrx_word' id='word_1_182' title='bbox 68 2176 132 2227; x_wconf 84' lang='lat'><strong>17</strong></span> <span class='ocrx_word' id='word_1_183' title='bbox 175 2176 453 2227; x_wconf 92' lang='lat' dir='ltr'>inmunis</span> <span class='ocrx_word' id='word_1_184' title='bbox 511 2194 681 2227; x_wconf 84' lang='lat' dir='ltr'><strong>aram</strong></span> <span class='ocrx_word' id='word_1_185' title='bbox 737 2176 788 2227; x_wconf 88' lang='lat' dir='ltr'><strong>si</strong></span> <span class='ocrx_word' id='word_1_186' title='bbox 842 2175 1070 2245; x_wconf 80' lang='lat' dir='ltr'><strong>tetigit</strong></span> <span class='ocrx_word' id='word_1_187' title='bbox 1122 2194 1357 2228; x_wconf 90' lang='lat' dir='ltr'><strong>manus.</strong></span> <span class='ocrx_word' id='word_1_188' title='bbox 1436 2176 1753 2228; x_wconf 86' lang='lat' dir='ltr'>subaudien-</span> 
     </span>
     <span class='ocr_line' id='line_1_28' title="bbox 63 2248 1755 2319; baseline 0.001 -18"><span class='ocrx_word' id='word_1_189' title='bbox 63 2249 191 2301; x_wconf 90' lang='lat' dir='ltr'><strong>dum</strong></span> <span class='ocrx_word' id='word_1_190' title='bbox 268 2250 595 2301; x_wconf 82' lang='lat' dir='ltr'><strong>extrinsecus</strong></span> <span class='ocrx_word' id='word_1_191' title='bbox 675 2248 980 2301; x_wconf 72' lang='lat' dir='ltr'><strong>‘scelerum&#39;</strong></span> <span class='ocrx_word' id='word_1_192' title='bbox 1068 2252 1161 2301; x_wconf 87' lang='lat' dir='ltr'><strong>aut</strong></span> <span class='ocrx_word' id='word_1_193' title='bbox 1239 2250 1366 2319; x_wconf 87' lang='lat' dir='ltr'>quid</span> <span class='ocrx_word' id='word_1_194' title='bbox 1420 2250 1551 2319; x_wconf 80' lang='lat' dir='ltr'><strong>tale,</strong></span> <span class='ocrx_word' id='word_1_195' title='bbox 1630 2250 1755 2319; x_wconf 86' lang='lat' dir='ltr'>quia</span> 
     </span>
     <span class='ocr_line' id='line_1_29' title="bbox 63 2321 1756 2393; baseline 0.001 -19"><span class='ocrx_word' id='word_1_196' title='bbox 63 2321 362 2375; x_wconf 75' lang='lat' dir='ltr'>‘inmunem</span> <span class='ocrx_word' id='word_1_197' title='bbox 434 2322 718 2375; x_wconf 85' lang='lat' dir='ltr'><strong>scelerum&#39;</strong></span> <span class='ocrx_word' id='word_1_198' title='bbox 788 2342 1008 2375; x_wconf 86' lang='lat' dir='ltr'>manum</span> <span class='ocrx_word' id='word_1_199' title='bbox 1070 2325 1189 2376; x_wconf 85' lang='lat' dir='ltr'><strong>uult</strong></span> <span class='ocrx_word' id='word_1_200' title='bbox 1248 2325 1489 2393; x_wconf 84' lang='lat' dir='ltr'><strong>intellegi</strong></span> <span class='ocrx_word' id='word_1_201' title='bbox 1550 2324 1605 2376; x_wconf 91' lang='lat' dir='ltr'><strong>id</strong></span> <span class='ocrx_word' id='word_1_202' title='bbox 1674 2327 1756 2377; x_wconf 89' lang='lat' dir='ltr'><strong>est</strong></span> 
     </span>
     <span class='ocr_line' id='line_1_30' title="bbox 65 2397 1754 2467; baseline 0.001 -19"><span class='ocrx_word' id='word_1_203' title='bbox 65 2415 98 2448; x_wconf 92' lang='lat' dir='ltr'>a</span> <span class='ocrx_word' id='word_1_204' title='bbox 137 2397 423 2449; x_wconf 77' lang='lat' dir='ltr'><strong>sceleribus</strong></span> <span class='ocrx_word' id='word_1_205' title='bbox 463 2416 676 2467; x_wconf 74' lang='lat' dir='ltr'><strong>puram,</strong></span> <span class='ocrx_word' id='word_1_206' title='bbox 741 2416 901 2466; x_wconf 88' lang='lat' dir='ltr'>quam</span> <span class='ocrx_word' id='word_1_207' title='bbox 957 2397 1084 2449; x_wconf 90' lang='lat' dir='ltr'><strong>dicit</strong></span> <span class='ocrx_word' id='word_1_208' title='bbox 1123 2398 1457 2450; x_wconf 87' lang='lat' dir='ltr'><strong>blandiorem</strong></span> <span class='ocrx_word' id='word_1_209' title='bbox 1498 2398 1597 2450; x_wconf 91' lang='lat' dir='ltr'><strong>diis</strong></span> <span class='ocrx_word' id='word_1_210' title='bbox 1639 2416 1754 2450; x_wconf 85' lang='lat' dir='ltr'><strong>esse</strong></span> 
     </span>
     <span class='ocr_line' id='line_1_31' title="bbox 62 2469 1817 2541; baseline 0.001 -20"><span class='ocrx_word' id='word_1_211' title='bbox 62 2469 201 2521; x_wconf 84' lang='lat' dir='ltr'><strong>farre</strong></span> <span class='ocrx_word' id='word_1_212' title='bbox 257 2473 310 2522; x_wconf 90' lang='lat' dir='ltr'><strong>et</strong></span> <span class='ocrx_word' id='word_1_213' title='bbox 358 2472 538 2540; x_wconf 81' lang='lat' dir='ltr'><strong>granis</strong></span> <span class='ocrx_word' id='word_1_214' title='bbox 595 2471 722 2523; x_wconf 84' lang='lat' dir='ltr'><strong>salis</strong></span> <span class='ocrx_word' id='word_1_215' title='bbox 779 2471 1189 2540; x_wconf 81' lang='lat' dir='ltr'><strong>sacrificantem,</strong></span> <span class='ocrx_word' id='word_1_216' title='bbox 1246 2491 1406 2541; x_wconf 87' lang='lat' dir='ltr'>quam</span> <span class='ocrx_word' id='word_1_217' title='bbox 1461 2473 1506 2525; x_wconf 88' lang='lat' dir='ltr'><strong>si</strong></span> <span class='ocrx_word' id='word_1_218' title='bbox 1552 2475 1754 2540; x_wconf 88' lang='lat' dir='ltr'><strong>sumpt·</strong></span> <span class='ocrx_word' id='word_1_219' title='bbox 1779 2501 1817 2532; x_wconf 55' lang='lat'><strong>34</strong></span> 
     </span>
     <span class='ocr_line' id='line_1_32' title="bbox 65 2544 1754 2614; baseline 0.001 -20"><span class='ocrx_word' id='word_1_220' title='bbox 65 2561 199 2595; x_wconf 88' lang='lat' dir='ltr'><strong>uosa</strong></span> <span class='ocrx_word' id='word_1_221' title='bbox 235 2544 415 2596; x_wconf 90' lang='lat' dir='ltr'><strong>hostia</strong></span> <span class='ocrx_word' id='word_1_222' title='bbox 456 2546 728 2598; x_wconf 87' lang='lat' dir='ltr'><strong>sacrificet.</strong></span> <span class='ocrx_word' id='word_1_223' title='bbox 847 2547 912 2598; x_wconf 82' lang='lat'><strong>18</strong></span> <span class='ocrx_word' id='word_1_224' title='bbox 975 2564 1103 2597; x_wconf 92' lang='lat' dir='ltr'><strong>non</strong></span> <span class='ocrx_word' id='word_1_225' title='bbox 1153 2549 1536 2614; x_wconf 86' lang='lat' dir='ltr'><strong>sumptuosa</strong></span> <span class='ocrx_word' id='word_1_226' title='bbox 1573 2546 1754 2597; x_wconf 87' lang='lat' dir='ltr'><strong>blan-</strong></span> 
     </span>
    </p>
   </div>
   <div class='ocr_carea' id='block_1_5' title="bbox 65 2649 420 2656">
    <p class='ocr_par' dir='ltr' id='par_1_5' title="bbox 65 2649 420 2656">
     <span class='ocr_line' id='line_1_33' title="bbox 65 2649 420 2656; baseline 0 541"><span class='ocrx_word' id='word_1_227' title='bbox 65 2649 420 2656; x_wconf 95' lang='lat' dir='ltr'><strong> </strong></span> 
     </span>
    </p>
   </div>
   <div class='ocr_carea' id='block_1_6' title="bbox 187 2706 578 2759">
    <p class='ocr_par' dir='ltr' id='par_1_6' title="bbox 187 2706 578 2759">
     <span class='ocr_line' id='line_1_34' title="bbox 187 2706 578 2759; baseline 0.005 -11"><span class='ocrx_word' id='word_1_228' title='bbox 187 2710 238 2748; x_wconf 81' lang='lat'><strong>12</strong></span> <span class='ocrx_word' id='word_1_229' title='bbox 273 2706 385 2750; x_wconf 82' lang='lat' dir='ltr'><strong>Aen.</strong></span> <span class='ocrx_word' id='word_1_230' title='bbox 418 2711 458 2759; x_wconf 88' lang='lat'><strong>3,</strong></span> <span class='ocrx_word' id='word_1_231' title='bbox 495 2711 578 2750; x_wconf 81' lang='lat'><strong>176</strong></span> 
     </span>
    </p>
   </div>
   <div class='ocr_carea' id='block_1_7' title="bbox 64 2796 419 2803">
    <p class='ocr_par' dir='ltr' id='par_1_7' title="bbox 64 2796 419 2803">
     <span class='ocr_line' id='line_1_35' title="bbox 64 2796 419 2803; baseline 0 394"><span class='ocrx_word' id='word_1_232' title='bbox 64 2796 419 2803; x_wconf 95' lang='lat' dir='ltr'><strong> </strong></span> 
     </span>
    </p>
   </div>
   <div class='ocr_carea' id='block_1_8' title="bbox 67 2838 1758 3072">
    <p class='ocr_par' dir='ltr' id='par_1_8' title="bbox 67 2838 1758 3072">
     <span class='ocr_line' id='line_1_36' title="bbox 187 2838 1757 2895; baseline -0.001 -13"><span class='ocrx_word' id='word_1_233' title='bbox 187 2844 211 2882; x_wconf 83' lang='lat'>6</span> <span class='ocrx_word' id='word_1_234' title='bbox 238 2839 540 2893; x_wconf 81' lang='lat' dir='ltr'><strong>existimatur,</strong></span> <span class='ocrx_word' id='word_1_235' title='bbox 575 2852 599 2883; x_wconf 95' lang='grc'><strong>6</strong></span> <span class='ocrx_word' id='word_1_236' title='bbox 622 2852 766 2895; x_wconf 73' lang='lat' dir='ltr'><strong>supra</strong></span> <span class='ocrx_word' id='word_1_237' title='bbox 800 2853 827 2882; x_wconf 89' lang='lat' dir='ltr'>a</span> <span class='ocrx_word' id='word_1_238' title='bbox 850 2840 1024 2894; x_wconf 72' lang='lat' dir='ltr'><strong>scripta</strong></span> <span class='ocrx_word' id='word_1_239' title='bbox 1047 2854 1077 2883; x_wconf 83' lang='lat' dir='ltr'>a</span> <span class='ocrx_word' id='word_1_240' title='bbox 1099 2854 1155 2884; x_wconf 83' lang='lat' dir='ltr'><strong>m.</strong></span> <span class='ocrx_word' id='word_1_241' title='bbox 1181 2853 1283 2893; x_wconf 62' lang='lat' dir='ltr'><strong>rec„</strong></span> <span class='ocrx_word' id='word_1_242' title='bbox 1318 2839 1381 2882; x_wconf 89' lang='lat' dir='ltr'><em>M</em></span> <span class='ocrx_word' id='word_1_243' title='bbox 1522 2843 1546 2882; x_wconf 82' lang='lat'><strong>7</strong></span> <span class='ocrx_word' id='word_1_244' title='bbox 1579 2838 1757 2882; x_wconf 84' lang='lat' dir='ltr'>Lucina</span> 
     </span>
     <span class='ocr_line' id='line_1_37' title="bbox 67 2897 1758 2954; baseline 0.001 -14"><span class='ocrx_word' id='word_1_245' title='bbox 67 2912 96 2952; x_wconf 84' lang='grc' dir='ltr'><strong>ς</strong></span> <span class='ocrx_word' id='word_1_246' title='bbox 218 2903 272 2942; x_wconf 89' lang='grc'><strong>10</strong></span> <span class='ocrx_word' id='word_1_247' title='bbox 295 2897 473 2953; x_wconf 78' lang='lat' dir='ltr'><strong>fidylen</strong></span> <span class='ocrx_word' id='word_1_248' title='bbox 506 2897 568 2941; x_wconf 90' lang='lat' dir='ltr'><em>M</em></span> <span class='ocrx_word' id='word_1_249' title='bbox 687 2903 740 2942; x_wconf 87' lang='lat'><strong>13</strong></span> <span class='ocrx_word' id='word_1_250' title='bbox 773 2898 970 2954; x_wconf 83' lang='lat' dir='ltr'><strong>pomifer</strong></span> <span class='ocrx_word' id='word_1_251' title='bbox 1003 2898 1066 2942; x_wconf 88' lang='lat' dir='ltr'><em>M</em></span> <span class='ocrx_word' id='word_1_252' title='bbox 1185 2904 1239 2942; x_wconf 79' lang='lat'><strong>21</strong></span> <span class='ocrx_word' id='word_1_253' title='bbox 1266 2899 1423 2942; x_wconf 84' lang='lat' dir='ltr'><strong>autem</strong></span> <span class='ocrx_word' id='word_1_254' title='bbox 1447 2901 1554 2954; x_wconf 74' lang='lat' dir='ltr'><strong>post</strong></span> <span class='ocrx_word' id='word_1_255' title='bbox 1585 2897 1758 2941; x_wconf 84' lang='lat' dir='ltr'><strong>deuota</strong></span> 
     </span>
     <span class='ocr_line' id='line_1_38' title="bbox 67 2957 1642 3012; baseline 0.001 -13"><span class='ocrx_word' id='word_1_256' title='bbox 67 2968 149 2999; x_wconf 84' lang='lat' dir='ltr'><strong>om.</strong></span> <span class='ocrx_word' id='word_1_257' title='bbox 185 2972 230 3012; x_wconf 84' lang='grc' dir='ltr'><strong>ς,</strong></span> <span class='ocrx_word' id='word_1_258' title='bbox 279 2957 354 3000; x_wconf 79' lang='lat' dir='ltr'><strong>sed</strong></span> <span class='ocrx_word' id='word_1_259' title='bbox 394 2957 551 3002; x_wconf 80' lang='lat' dir='ltr'><strong>lemma</strong></span> <span class='ocrx_word' id='word_1_260' title='bbox 589 2957 826 3002; x_wconf 71' lang='lat' dir='ltr'><strong>delendum</strong></span> <span class='ocrx_word' id='word_1_261' title='bbox 856 2958 1041 3003; x_wconf 79' lang='lat' dir='ltr'><strong>uidetur</strong></span> <span class='ocrx_word' id='word_1_262' title='bbox 1192 2962 1249 3001; x_wconf 84' lang='lat'><strong>24</strong></span> <span class='ocrx_word' id='word_1_263' title='bbox 1297 2958 1544 3002; x_wconf 80' lang='lat' dir='ltr'><strong>coronante</strong></span> <span class='ocrx_word' id='word_1_264' title='bbox 1579 2957 1642 3000; x_wconf 89' lang='lat' dir='ltr'><em>M</em></span> 
     </span>
     <span class='ocr_line' id='line_1_39' title="bbox 67 3016 524 3072; baseline -0.004 -11"><span class='ocrx_word' id='word_1_265' title='bbox 67 3019 122 3061; x_wconf 83' lang='lat'><strong>25</strong></span> <span class='ocrx_word' id='word_1_266' title='bbox 169 3016 427 3072; x_wconf 81' lang='lat' dir='ltr'><strong>hodiaeque</strong></span> <span class='ocrx_word' id='word_1_267' title='bbox 461 3016 524 3059; x_wconf 91' lang='lat' dir='ltr'><em>M</em></span> 
     </span>
    </p>
   </div>
  </div>
 </body>
</html>
