1939 3197
125 78 228 130 196
673 73 875 119 SERMO
907 74 942 129 Ι,
975 79 1015 128 2,
1049 77 1268 118 91—-101,

121 216 246 268 licet
300 214 588 265 utilitatem
643 210 990 280 pulcritudini
1043 212 1452 278 praeponentes.
1541 208 1644 262 hoc
1685 227 1811 279 ergo

124 290 251 341 dicit
305 304 738 356 unumquemque
796 285 985 336 debere
1048 284 1222 336 facere
1285 285 1425 337 circa
1487 285 1813 352 contempla-

122 364 326 416 tionem
374 361 634 428 mulieris,
688 363 749 411 ut
795 360 968 428 magis
1024 359 1313 411 utilitatem
1368 378 1527 427 quam
1584 359 1816 427 speciem

123 438 329 491 formae
387 436 498 488 eius
549 438 641 486 aut
687 434 950 486 natalium
998 435 1243 485 sectetur.
1396 433 1464 485 91
1515 433 1817 502 Hypsaea

80 530 100 562 5
126 512 391 564 caecior.
492 509 669 561 Plotia
722 507 979 576 Hypsaea
1039 507 1264 560 uitiosos
1321 508 1502 560 oculos
1563 508 1815 561 habuisse

127 587 342 653 dicitur,
399 603 560 654 quam
607 584 694 635 hic
745 600 922 634 amare
962 582 1019 634 in
1058 582 1293 634 transitu
1331 583 1608 650 percussit.
1745 583 1818 636 94

125 663 451 713 matronae
499 661 756 727 praeter
802 656 1036 708 faciem
1082 655 1247 708 nihil
1300 674 1559 708 cernere
1598 657 1817 725 possis

127 739 340 788 cetera
402 734 466 785 ni
523 731 708 785 Catia
773 734 868 783 est
930 731 1204 783 demissa
1266 734 1445 783 ueste
1508 732 1818 800 tegentis:

126 812 339 879 praeter
362 808 559 860 faciem
590 807 729 859 nihil
769 824 982 858 cernere
1022 807 1301 857 matronae
1340 806 1542 874 possis,
1582 806 1819 875 reliquae

62 908 104 938 10
129 885 273 936 enim
320 882 560 951 corporis
601 883 781 950 partes
822 882 970 933 ueste
1012 880 1274 948 celantur,
1314 880 1422 932 nisi
1460 881 1600 933 forte
1634 879 1821 934 Catiae

130 958 322 1012 similis
380 960 482 1020 est,
538 974 672 1024 quae
737 955 804 1007 ob
867 954 1285 1023 pulcritudinem
1348 973 1559 1006 crurum
1620 955 1822 1024 pudore

128 1033 373 1102 neglecto
417 1032 526 1083 alta
566 1033 715 1082 ueste-
755 1029 1022 1081 utebatur.
1120 1029 1253 1081 haec
1302 1032 1482 1081 autem
1524 1029 1654 1082 adeo
1695 1030 1820 1082 uilis

129 1107 234 1159 fuit
271 1109 332 1157 ut
370 1107 427 1157 in
470 1105 598 1157 aede
637 1103 866 1156 Ueneris
907 1103 1108 1155 theatri
1140 1102 1460 1172 Pompeiani
1502 1103 1823 1156 adulterium

131 1201 251 1234 cum
275 1180 493 1233 Ualerio
521 1178 699 1231 Siculo
727 1179 915 1230 colono
956 1177 1176 1229 tribuno
1216 1177 1388 1246 plebis
1431 1178 1662 1231 obducto
1701 1179 1822 1231 uelo

64 1277 105 1310 15
133 1255 425 1308 admiserit.
526 1254 595 1306 96
638 1253 691 1305 si
730 1252 1087 1304 interdicta
1126 1254 1304 1320 petes
1349 1253 1523 1305 uallo
1558 1253 1823 1305 circum-

132 1331 280 1383 data
319 1349 461 1381 nam
500 1331 560 1380 te
601 1330 654 1379 et
692 1327 914 1395 reliqua.
994 1327 1039 1378 si
1077 1326 1337 1379 honestae
1370 1327 1620 1396 feminae,
1662 1346 1824 1397 quam

132 1405 452 1473 compellare
492 1421 603 1455 non
641 1402 782 1470 licet,
821 1403 1041 1470 propter
1078 1401 1219 1470 quod
1251 1402 1482 1454 maxime
1510 1401 1826 1470 incenderiS,

132 1478 450 1532 concubitus
500 1478 740 1546 adpetes,
796 1476 968 1528 multa
1024 1478 1172 1544 sunt,
1229 1494 1364 1545 quae
1418 1479 1471 1528 te
1525 1477 1826 1545 inpediunt,

135 1554 421 1623 quominus
470 1551 770 1621 perspicere
818 1550 1017 1619 possiS,
1073 1551 1246 1619 qualis
1288 1551 1380 1618 sit,
1434 1570 1594 1619 quam
1635 1570 1826 1603 concu-

66 1651 109 1682 20
133 1628 312 1697 piscis.
392 1626 574 1679 ‘uallo'
618 1629 797 1677 autem
838 1624 1205 1677 ecircumdata'
1248 1626 1565 1694 allegoricos
1614 1626 1827 1693 dicitur,

135 1703 190 1755 id
238 1705 341 1753 est:
391 1701 648 1754 custodiis
699 1703 885 1768 saepta
935 1718 995 1751 ac
1043 1700 1400 1767 praemunita.
1552 1701 1622 1752 98
1665 1700 1827 1752 cini-

134 1777 343 1828 flones
384 1775 678 1844 parasiti.
757 1777 810 1825 et
850 1773 1129 1825 ciniflones
1171 1777 1224 1824 et
1263 1774 1513 1826 cinerarii
1551 1774 1610 1825 in
1643 1775 1828 1826 eadem

136 1851 529 1920 significatione
572 1850 713 1918 apud
752 1851 960 1900 ueteres
1001 1848 1317 1900 dicebantur
1358 1849 1425 1900 ab
1467 1848 1647 1900 officio
1689 1849 1828 1901 cala-

136 1925 450 1978 mistrorum
489 1925 547 1975 in
588 1924 763 1976 cinere
793 1921 1289 1991 calefaciendorum,
1331 1923 1524 1992 quibus
1549 1926 1829 1976 matronae

70 2021 112 2053 25
137 1999 361 2067 capillos
402 1999 730 2067 crispabant.
807 1997 956 2049 cuius
1004 1996 1081 2048 rei
1122 2000 1175 2049 et
1212 1995 1542 2066 Uergilius
1584 1998 1830 2050 meminit

139 2073 319 2126 dicens
360 2072 673 2125 Uibratos
715 2072 926 2124 calido
966 2071 1138 2124 ferro
1186 2090 1527 2141 murraque
1574 2072 1829 2124 maden-

138 2150 251 2200 tes.
371 2148 473 2200 100
521 2147 794 2215 plurima
841 2165 997 2215 quae
1044 2146 1387 2198 inuideant
1433 2164 1586 2215 pure
1636 2165 1830 2215 appa-

139 2239 276 2273 rere
324 2222 449 2273 tibi
494 2239 623 2272 rem
669 2222 771 2273 hoc
819 2223 922 2273 est:
971 2224 1026 2272 et
1072 2221 1179 2273 alia
1226 2221 1480 2290 plurima,
1536 2239 1671 2289 quae
1719 2239 1831 2273 non

140 2296 420 2364 patiantur
472 2296 575 2347 tibi
631 2314 823 2363 corpus
879 2296 990 2347 eius
1047 2313 1320 2364 apparere.
1461 2295 1562 2347 101
1623 2295 1831 2347 altera

75 2393 119 2425 30
143 2369 308 2421 nihil
350 2370 567 2421 obstat
607 2368 753 2422 Cois
793 2369 939 2421 tibi:
982 2370 1165 2438 altera,
1204 2369 1394 2438 inquit,
1435 2386 1570 2437 quae
1607 2371 1831 2436 prostat,

141 2443 413 2512 perlucida
474 2446 622 2495 ueste
684 2444 854 2495 utitur
907 2444 1006 2511 ita,
1068 2446 1129 2495 ut
1182 2444 1332 2495 uelut
1392 2443 1536 2494 nuda
1592 2442 1832 2511 conspici

263 2594 318 2633 25
354 2591 466 2633 Aen.
503 2595 572 2644 12,
608 2594 692 2632 100

264 2715 291 2752 4
323 2709 504 2765 hypsea
535 2721 687 2752 cecior
721 2742 729 2751 .
759 2743 767 2752 .
799 2721 931 2764 ipsea
965 2708 1028 2751 M
1141 2713 1194 2751 10
1227 2722 1275 2750 m
1308 2708 1365 2763 (Sl
1396 2722 1429 2751 s.
1464 2708 1493 2751 l.
1526 2722 1581 2751 m.
1615 2708 1679 2762 2.)
1714 2707 1832 2749 forto

148 2770 332 2828 nicatie.
369 2768 431 2810 M
552 2773 603 2811 12
638 2767 890 2811 utebantur
924 2768 986 2810 M
1106 2772 1158 2810 13
1193 2767 1303 2811 cede
1329 2767 1392 2810 M
1513 2771 1568 2811 14
1600 2766 1748 2810 ualerl
1781 2778 1834 2808 ac
1866 2776 1869 2779 ·

147 2828 286 2871 Situlo
322 2828 385 2870 M
413 2827 575 2871 colono
607 2827 689 2871 del.
724 2826 865 2870 Estre'
885 2840 1152 2884 prosopoyr.
1194 2826 1311 2870 Hor.
1337 2840 1388 2882 p.
1422 2830 1521 2871 580
1636 2825 1834 2869 obdocto

152 2886 213 2928 M
335 2892 386 2930 18
420 2886 567 2930 multe
601 2886 663 2929 M
781 2891 838 2930 20
869 2886 1156 2930 circumdato
1192 2886 1254 2929 M
1356 2891 1410 2930 21
1446 2886 1580 2942 septa
1613 2884 1676 2927 M
1777 2889 1833 2927 22

148 2945 380 2989 cineloncs
416 2946 478 2988 M
611 2950 666 2989 25
699 2959 811 2989 cuus
845 2945 908 2988 M
1041 2951 1094 2989 27
1127 2959 1246 3001 pura
1280 2945 1342 2988 M
1483 2949 1536 2988 31
1571 2942 1832 3001 perlucida:

149 3018 199 3059 [13
234 3004 341 3059 (que
373 3019 430 3048 m.
463 3007 526 3060 2.)
560 3004 718 3048 lucida
752 3005 824 3059 M,
855 3004 1012 3048 lucida
1045 3020 1073 3060 ς

1937 2918 1939 2933 1

1934 2972 1939 2986 4
