1939 3197
147 60 254 112 184
703 57 903 104 SERMO
936 60 971 115 Ι,
1006 64 1044 115 1,
1078 62 1236 104 7—23.
1893 0 1939 165 Ἰ

144 196 424 249 decoros,
503 195 593 248 sed
634 197 688 247 et
726 195 840 264 ipse
864 192 1177 247 Horatius
1216 194 1275 246 in
1300 193 1626 246 carminibus
1650 193 1839 247 Mem·
1924 167 1939 242 i

142 271 253 322 bra
294 269 407 322 sub
449 269 679 321 arbuto
721 270 982 320 stratus
1098 268 1127 320 7
1179 267 1328 336 quid
1368 268 1532 320 enim
1572 285 1838 321 concur-

141 344 309 396 ritur
363 343 556 396 horae
611 343 946 394 momento.
1031 342 1185 410 quasi
1223 342 1604 410 interpellante
1645 342 1840 410 affectu

139 418 244 470 hoc
300 417 514 486 dicitur,
577 419 631 468 et
676 418 758 468 est
803 415 966 467 etiam
1017 415 1417 468 consuetudinis
1456 418 1689 469 nostrae.
1805 416 1838 469 8

98 492 272 544 5cita
325 509 492 543 mors
542 490 724 542 uenit
801 492 910 541 aut
970 489 1251 542 uictoria
1289 490 1476 541 laeta.
1554 490 1708 558 quasi
1747 489 1839 542 diu

141 582 338 618 nauem
408 564 735 616 iactantibus
799 563 994 615 austris
1055 562 1159 616 hoc
1222 563 1432 615 dicitur.
1593 564 1661 616 10
1724 564 1837 616 sub

141 639 303 708 galli
359 640 612 691 cantum
664 637 999 690 consultor
1053 637 1161 689 ubi
1224 637 1393 689 ostia
1453 637 1687 705 pulsat.
1762 637 1841 690 ita

141 713 343 765 dictum
383 716 444 765 ut
499 711 623 765 Sub
674 714 931 765 noctem
987 729 1135 763 cura
1187 715 1494 763 recursat.
1611 711 1676 763 11
1727 711 1840 763 ille

142 787 313 839 datis
352 786 625 838 uadibus
666 786 771 854 qui
808 803 953 837 rure
995 788 1319 837 extractus
1359 786 1424 836 in
1463 785 1682 837 urbem
1716 788 1838 837 est:

77 874 118 907 10
144 861 235 930 qui
296 860 665 913 uadimonium
724 859 1039 928 promittere
1101 859 1200 911 sub
1264 858 1613 911 satisdatione
1675 861 1730 910 et
1781 859 1841 912 in

143 935 333 987 urbem
394 935 580 986 uenire
636 937 853 986 coactus
910 936 1005 985 est.
1081 932 1246 985 uades
1309 935 1489 985 autem
1552 950 1840 1000 sponsores

144 1008 248 1061 dici
286 1011 477 1061 notum
517 1010 620 1076 est,
677 1007 844 1076 quod,
904 1007 995 1075 qui
1035 1024 1126 1060 eos
1167 1006 1394 1075 dederit,
1447 1006 1642 1059 uadere
1697 1007 1745 1058 ei
1783 1006 1839 1058 id

144 1085 227 1134 est
266 1082 535 1134 discedere
574 1082 789 1133 interim
834 1081 1009 1133 liceat.
1127 1081 1194 1132 13
1248 1081 1582 1149 loquacem
1633 1080 1839 1133 delas-

142 1174 286 1208 sare
326 1157 549 1208 ualent
586 1154 867 1207 Fabium.
946 1154 1089 1223 quod
1112 1153 1314 1206 Fabius
1337 1153 1606 1206 Maximus
1629 1153 1840 1208 Narbo-

77 1243 120 1276 15
145 1230 327 1282 nensis
368 1229 602 1298 equestri
640 1230 759 1282 1000
800 1231 961 1281 natus
999 1228 1357 1296 Pompeianas
1402 1231 1584 1297 partes
1625 1232 1839 1281 secutus

141 1304 354 1372 aliquot
413 1304 580 1356 libros
643 1303 709 1355 ad
767 1301 1001 1356 Stoicam
1056 1303 1457 1372 philosophiam
1509 1302 1840 1371 pertinentes

140 1378 471 1447 conscripsit.
553 1378 620 1430 16
658 1378 785 1430 eris
817 1381 885 1430 tu
926 1377 1032 1446 qui
1070 1377 1254 1430 modo
1295 1377 1481 1429 miles
1520 1379 1840 1430 mercator

137 1455 205 1505 tu
261 1452 597 1505 consultus
648 1452 829 1505 modo
881 1451 1180 1504 rusticus,
1258 1452 1532 1520 eleganter
1571 1450 1840 1503 adfectata

146 1526 486 1595 ambiguitas.
561 1544 689 1578 nam
729 1544 849 1578 cum
887 1525 1213 1594 praedixerit
1251 1528 1282 1577 a
1321 1525 1489 1577 milite
1528 1525 1839 1578 mercatoris

79 1614 123 1646 20
148 1603 347 1652 sortem
408 1599 617 1652 laudari
671 1603 726 1652 et
780 1619 811 1651 a
850 1602 1146 1653 mercatore
1184 1600 1393 1668 militis,
1452 1599 1584 1651 item
1637 1617 1669 1651 a
1706 1599 1840 1652 iuris

140 1674 314 1743 perito
355 1674 541 1726 rustici
581 1676 635 1725 et
673 1674 740 1726 ab
779 1673 884 1726 hoc
922 1674 1082 1742 illius,
1120 1673 1198 1725 ita
1229 1673 1506 1726 subiunxit
1536 1673 1840 1742 dictionem,

140 1748 291 1801 cuius
331 1748 559 1800 liberum
600 1748 670 1800 sit
707 1748 765 1799 in
806 1765 992 1800 omnes
1031 1765 1290 1816 personas
1331 1765 1549 1800 sensum
1572 1747 1839 1800 reducere.

289 1822 361 1875 20
416 1821 574 1890 quid
625 1840 855 1874 causae
907 1824 1004 1874 est
1049 1822 1277 1873 merito
1318 1822 1471 1890 quin
1509 1821 1649 1873 illis
1689 1820 1838 1890 Iup-

1933 1622 1936 1626 ·
1929 1581 1939 1603 v„
1924 1555 1939 1571 ,ἴ
1926 1316 1939 1543 Ἂκιά-Ἁὶςι....-.,.
1929 1250 1939 1256 ιι
1937 1211 1939 1216 .
1935 1082 1939 1141 nri.
1932 1061 1939 1070 ,-
1933 1028 1939 1041 ..
1931 997 1936 1001 ·
1929 946 1939 982 .-η
1932 861 1939 879 s„
1930 804 1939 809 .·
1938 787 1939 792 Α
1930 766 1933 769 ’
1931 650 1939 681 2„
1934 583 1939 596 λ

139 1896 309 1965 piter
364 1895 579 1948 ambas
634 1896 840 1948 iratus
894 1896 1129 1948 buccas
1183 1895 1394 1948 inflet.
1486 1895 1640 1963 quin
1689 1913 1836 1947 nunc

71 1982 115 2016 25
141 1969 411 2039 significat
450 1970 804 2038 quominus,
883 1987 1071 2022 sensus
1112 1972 1194 2022 est
1233 1972 1439 2022 autem:
1486 1969 1636 2021 nulla
1676 1987 1838 2022 causa

142 2047 225 2097 est
247 2061 347 2097 nec
379 2044 519 2097 ratio
546 2045 795 2113 querellis
837 2044 1122 2113 quominus
1162 2044 1268 2096 illis
1293 2043 1536 2113 Iuppiter
1561 2043 1631 2095 sit
1654 2043 1837 2096 iratuS.

288 2118 359 2170 23
411 2121 746 2186 praeterea
795 2136 911 2170 nec
966 2119 1056 2171 sic
1106 2121 1175 2170 ut
1229 2118 1335 2186 qui
1383 2117 1700 2170 iocularia
1752 2117 1836 2169 ri-

140 2191 294 2244 dens
333 2209 718 2260 percurram.
795 2192 926 2245 ordo
967 2195 1022 2245 et
1061 2209 1274 2245 sensus:
1329 2195 1608 2260 praeterea
1638 2208 1737 2244 nec
1762 2191 1837 2244 sic

144 2265 445 2331 [iocularia]
486 2284 796 2333 percurram
835 2269 897 2319 ut
937 2267 1029 2335 qui
1066 2266 1245 2318 ridens
1270 2266 1528 2319 iocularia
1558 2265 1838 2334 percurrit.

74 2356 119 2388 30
142 2338 220 2390 ita
259 2342 313 2391 et
351 2356 576 2407 zeugma
615 2343 697 2392 est
736 2343 790 2393 et
830 2341 972 2409 quod
1021 2359 1084 2393 ex
1126 2339 1486 2408 ‘percurram'
1528 2337 1836 2408 ‘percurrit'
1921 2338 1939 2425 ⁴ss

261 2505 282 2542 1
318 2499 390 2543 od.
427 2506 466 2554 1,
502 2505 539 2555 1,
574 2504 626 2542 21
761 2505 786 2544 8
818 2499 957 2556 Uerg.
989 2499 1103 2544 Aen.
1139 2505 1178 2555 1,
1213 2504 1297 2543 662

262 2652 288 2689 5
321 2645 405 2689 l&e
440 2645 503 2688 M
624 2651 646 2689 7
680 2645 837 2690 hostia
870 2646 933 2689 M
1051 2651 1076 2690 9
1132 2646 1320 2690 uatibus
1348 2682 1356 2689 .
1385 2682 1393 2690 .
1427 2647 1633 2691 extracte
1667 2646 1729 2689 M

144 2709 199 2748 14
232 2704 358 2760 quod
390 2704 627 2748 delendum
658 2706 844 2748 uidetur
977 2710 1030 2749 15
1077 2706 1211 2749 natos
1246 2706 1309 2748 M
1430 2711 1483 2749 17
1516 2705 1748 2749 mercatur
1779 2741 1788 2748 .
1823 2740 1832 2749 .
1911 2726 1918 2751 J

144 2763 381 2808 consultor
413 2764 477 2808 M
593 2768 650 2807 20
681 2763 854 2808 milites
887 2764 949 2807 M
1044 2769 1099 2808 21
1131 2764 1257 2808 illius
1289 2778 1394 2810 nos:
1424 2764 1544 2808 111ud
1576 2764 1640 2807 M
1740 2763 1835 2807 dic·
1914 2765 1915 2770 ’

139 2835 319 2866 cionem
380 2827 435 2867 22
471 2836 582 2866 cuus
616 2823 679 2866 M
738 2828 794 2866 24
825 2825 968 2867 iratas
1003 2823 1066 2866 M
1139 2828 1194 2868 28
1228 2824 1339 2868 ordo
1373 2825 1444 2868 est
1475 2824 1565 2880 (est
1594 2837 1649 2867 m.
1683 2827 1725 2866 1.
1750 2823 1832 2866 del.

139 2884 179 2923 et
210 2881 247 2924 &
276 2894 309 2925 s.
345 2881 373 2924 Ζ.
401 2883 575 2937 posuit)
625 2895 782 2925 sensus
824 2884 1071 2938 praeterea
1104 2895 1190 2926 nec
1234 2898 1272 2926 Sl
1303 2883 1528 2928 iocularia
1565 2894 1833 2940 percurram

138 2953 194 2983 m.
227 2944 268 2982 1.
301 2941 353 2983 in
383 2941 478 2984 ima
502 2941 685 2997 payina
717 2941 781 2984 M
869 2946 923 2984 29
956 2941 1180 2985 iocularia
1211 2942 1357 2986 ἀεῖραι·
1456 2946 1513 2985 30
1545 2953 1742 2997 ceugma
1774 2940 1838 2983 M

140 2998 264 3053 quod
296 3011 351 3041 ex
386 2998 566 3057 Pauly:
599 3012 654 3043 ex
686 3012 739 3044 eo
774 3000 836 3042 M
953 3013 1182 3056 percurris
1213 3000 1480 3045 adsummus
1515 3000 1578 3043 M
