1939 3197
751 57 870 103 ODE
905 58 980 114 IV,
1016 62 1083 102 14.
1647 58 1747 110 141

59 195 258 248 Auster
311 214 431 248 cum
485 196 605 247 ortu
662 192 1068 264 [Uergiliarum]
1118 192 1397 245 Pleiadum
1452 193 1748 247 concitatus

61 271 225 336 [011111]
267 270 475 322 exercet
512 267 707 336 undas,
745 270 857 320 tam
881 267 1093 337 inpiger
1122 265 1331 319 Drusus
1364 266 1602 319 hostium
1641 271 1751 320 tur-

59 362 174 396 mas
227 342 492 395 uastabat.
643 342 715 393 24
775 359 887 410 per
948 342 1146 410 ignes
1232 341 1385 411 ignes
1447 358 1592 393 nunc
1653 361 1750 410 pro

60 417 328 469 acerrimis
370 415 755 484 concitatisque
795 415 1043 484 periculis
1084 416 1322 484 accipere
1363 415 1632 467 debemus,
1690 414 1753 487 ἔξ

58 491 130 543 25
185 491 275 543 sic
327 489 730 542 tauriformis
785 489 1077 542 uoluitur
1130 489 1426 541 Aufidus,
1512 489 1795 541 omnium5

57 564 339 617 fluminum
379 564 522 634 genii
560 563 775 616 taurino
814 564 968 615 uultu
1009 564 1170 615 etiam
1211 582 1331 615 cum
1356 563 1609 615 cornibus
1634 564 1750 631 pin-

59 641 261 709 guntur
299 641 519 707 propter
557 639 791 706 impetus
833 640 885 689 et
923 637 1170 689 fremitus
1210 638 1448 705 ipsarum
1474 655 1751 705 aquarum,

207 713 275 764 27
334 730 469 764 011111
525 712 732 764 saeuit
784 711 1298 779 horrendamque
1354 711 1549 762 cultis
1590 711 1750 762 dilu-

58 786 222 839 uiem
255 786 596 838 minitatur
628 785 817 855 agris.
893 785 1032 836 male
1066 785 1200 836 dixit
1231 784 1594 852 minitatur,
1627 785 1752 852 quia

56 860 114 913 in
153 860 271 928 ipso
313 862 434 912 actu
474 862 556 912 est
592 877 693 911 nec
733 859 891 910 debet
937 858 1173 928 cogitare
1223 861 1316 910 aut
1355 857 1659 910 condiscere
1697 858 1751 910 id
1776 866 1818 900 1⁰

57 934 200 1003 quod
239 934 346 985 iam
384 933 529 986 facit.
645 933 712 985 31
754 933 1122 1001 primosque
1171 934 1231 984 et
1270 935 1588 984 extremos
1629 950 1750 984 me-

55 1007 264 1060 tendO.
372 1008 446 1060 sic
517 1010 571 1059 et
637 1005 990 1076 Uergilius:
1076 1005 1376 1058 Proxima
1465 1023 1749 1074 quaeque

57 1082 242 1133 metit
281 1081 513 1150 gladio.
628 1081 699 1134 32
757 1082 892 1133 sine
948 1080 1126 1133 clade
1173 1081 1384 1133 uictor
1422 1080 1476 1131 id
1517 1082 1597 1131 est
1637 1081 1750 1132 sine

59 1174 277 1207 suorum
317 1155 480 1208 clade.
595 1155 664 1207 33
734 1158 795 1207 te
858 1155 1201 1208 consilium
1257 1157 1316 1206 et
1369 1156 1514 1206 tuos
1569 1171 1750 1221 prae·

56 1229 245 1282 bente
286 1229 486 1281 diuos,
560 1229 665 1281 hoc
718 1229 837 1281 ideo
894 1229 1108 1298 dicitur,
1163 1228 1288 1297 quia
1329 1228 1579 1296 auspiciis
1620 1225 1749 1280 Cae-
1775 1234 1816 1269 15

59 1304 191 1355 saris
230 1303 364 1356 haec
404 1303 634 1372 gessisse
675 1302 881 1354 dicitur.
996 1303 1067 1355 34
1126 1320 1268 1354 nam
1321 1302 1444 1354 tibi
1493 1320 1611 1371 quo
1654 1302 1751 1353 die

56 1380 290 1445 portus
344 1376 740 1429 Alexandria
795 1378 1080 1445 supplex.
1155 1376 1233 1428 ita
1273 1376 1474 1443 euenit,
1528 1378 1589 1427 ut
1628 1379 1753 1443 post

58 1470 231 1504 annos
273 1451 576 1519 quindecim
614 1450 822 1502 Drusus
863 1451 1049 1503 eodem
1090 1450 1172 1502 die
1212 1449 1413 1502 Raetos
1439 1448 1750 1502 Uindelicos

56 1526 320 1594 uinceret,
375 1543 478 1593 quo
520 1525 603 1577 die
643 1524 923 1594 Augustus
963 1523 1347 1576 Alexandriam
1386 1524 1603 1587 uicerat.

57 1599 128 1651 39
192 1601 253 1650 et
314 1601 600 1666 optatum
655 1599 936 1667 peractis
990 1598 1280 1667 imperiis
1336 1597 1526 1650 decus
1569 1596 1817 1650 adro-²⁰

59 1672 256 1742 gauit.
331 1672 777 1725 inmortalitatem
817 1691 880 1724 ex
912 1672 1315 1725 consecratione
1347 1671 1562 1724 uidetur
1587 1672 1750 1741 signi-

57 1747 231 1815 ficare,
271 1764 392 1799 cum
432 1747 574 1799 dicat
612 1747 898 1815 peractis
937 1747 1245 1815 imperiis.
1371 1746 1443 1797 42
1505 1748 1567 1797 te
1607 1764 1750 1814 pro-

56 1820 248 1890 fugus
305 1819 588 1889 Scythes,
681 1821 998 1890 profugus
1055 1821 1271 1887 dicitur,
1325 1821 1416 1890 qui
1455 1838 1752 1888 numquam

58 1895 244 1947 eodem
283 1895 401 1948 loco
441 1898 639 1963 manet,
678 1895 819 1948 unde
861 1898 913 1947 et
951 1894 1209 1947 nomades
1236 1894 1501 1946 dicuntur.
1579 1894 1649 1945 49
1690 1896 1752 1944 te

58 1986 187 2021 non
223 1972 535 2037 pauentes
575 1969 806 2021 funera
846 1967 1112 2021 Galliae.
1190 1971 1244 2020 et
1274 1968 1362 2019 hic
1403 1965 1616 2019 ‘tellus'
1656 1985 1751 2035 per
1773 1973 1816 2006 25

57 2059 282 2111 zeugma
337 2061 401 2094 ex
452 2042 704 2095 inferiore
759 2061 918 2094 uersu
973 2043 1211 2110 accipere
1275 2041 1542 2093 debemus,
1641 2058 1754 2093 non

60 2118 319 2184 pauentes
360 2119 539 2168 autem
579 2114 763 2168 Gallos
802 2116 992 2168 funera
1031 2116 1122 2184 ait,
1164 2116 1288 2184 quia
1318 2116 1404 2167 uel
1428 2115 1629 2167 ferocia
1667 2115 1754 2166 uel

57 2208 202 2241 uana
232 2191 578 2258 persuasione
610 2208 793 2242 rursus
833 2189 1145 2242 renascendi
1185 2192 1413 2242 mortem
1452 2207 1562 2241 non
1601 2188 1752 2240 time-

58 2264 207 2315 bant.
285 2263 347 2315 de
404 2265 596 2333 quibus
645 2266 699 2316 et
743 2263 1035 2317 Lucanus
1083 2264 1158 2317 sic
1215 2263 1291 2315 ait
1359 2262 1752 2331 Animaeque

60 2355 326 2405 capaces
367 2337 595 2391 Mortis
649 2341 709 2390 et
758 2338 1061 2407 ignauum
1114 2338 1439 2390 rediturae
1490 2354 1752 2405 parcere
1776 2343 1819 2376 30

59 2412 250 2464 uitae.
385 2411 456 2465 52
518 2412 900 2482 compositis
963 2414 1358 2465 uenerantur
1436 2411 1631 2463 armis
1701 2410 1755 2462 id

60 2489 164 2538 est:
205 2487 398 2554 pacati.

184 2636 235 2675 12
268 2632 382 2675 Aen.
419 2637 486 2688 10,
521 2636 605 2676 513
729 2637 783 2676 29
817 2633 988 2676 Lucan.
1024 2638 1063 2688 1,
1096 2636 1180 2677 461

181 2756 203 2793 1
237 2750 547 2807 Uergiliarum
578 2764 658 2795 seu
688 2750 929 2794 Pleiadum
962 2766 990 2806 ς
1127 2750 1440 2807 Uergiliarum
1474 2750 1513 2791 et
1546 2761 1652 2790 011111
1684 2747 1754 2790 de-

59 2809 152 2854 leui
280 2814 305 2852 2
340 2809 447 2853 dam
480 2809 542 2853 M
668 2815 693 2854 6
742 2824 846 2853 cum
879 2814 983 2853 ante
1014 2810 1095 2853 lin.
1127 2824 1183 2853 m.
1218 2814 1259 2853 1.
1296 2808 1477 2852 addidit
1507 2807 1559 2850 in
1596 2806 1676 2860 M,
1709 2807 1757 2850 et

61 2881 165 2911 cum
200 2868 358 2925 Pauly
481 2873 533 2912 15
566 2870 780 2925 auspitns
814 2869 876 2912 M
965 2874 1018 2913 16
1050 2869 1154 2913 dlae
1190 2869 1253 2911 M
1374 2871 1426 2910 19
1461 2878 1555 2921 qua
1592 2865 1654 2908 M
1683 2880 1712 2920 ς

61 2931 115 2971 21
150 2941 204 2973 ex
237 2927 578 2973 consecratione
602 2927 721 2972 Aer:
761 2929 1050 2978 execratione
1085 2928 1148 2971 M
1231 2931 1286 2971 25
1318 2927 1406 2986 hec
1440 2925 1502 2969 M
1585 2929 1640 2968 28
1664 2937 1757 2967 una

63 2986 135 3043 M,
167 3000 290 3030 uana
320 2988 393 3032 uel
423 3001 535 3031 uera
567 3003 596 3043 ς
