1939 3197
157 91 260 143 138
860 88 980 134 ODE
1012 88 1091 144 IV,
1128 93 1195 132 12.

154 229 311 282 6‘et
365 225 714 295 Cecropiae
770 224 994 277 domus
1047 226 1376 276 aeternum
1417 221 1848 292 obprobrium.

155 300 537 370 Oecropriae
601 299 847 367 (101003,
918 297 1175 367 quoniam
1214 296 1575 349 Athenienses
1614 296 1850 363 fuerunt,

155 375 385 444 Cecrops
441 377 622 427 autem
668 372 1081 424 Atheniensium
1137 372 1256 423 dux.
1374 372 1402 423 7
1462 369 1631 440 quod
1685 370 1850 422 male

153 450 465 503 barbaras
505 464 725 517 regum
765 449 861 498 est
899 446 1036 499 ulta
1074 446 1402 498 libidines.
1462 448 1594 498 nota
1623 444 1852 496 historia

111 542 132 574 5
157 527 237 577 est
274 523 508 575 Procnes
518 564 531 590 ‚
571 540 705 590 quae
748 521 814 573 ob
860 523 1161 589 stupratam
1202 523 1255 572 et
1292 520 1480 588 lingua
1520 519 1853 571 debilitatam

154 598 511 650 Philomelam
559 613 798 648 sororem
846 614 877 646 a
916 594 1083 647 Tere'o
1125 594 1319 646 marito
1359 594 1528 645 filium
1571 593 1674 645 sibi
1712 611 1853 645 com-

155 689 373 724 munem
425 674 478 723 et
515 670 595 722 illi
633 669 759 738 Ityn
804 670 1019 721 nomine
1073 668 1266 721 occidit
1314 671 1366 719 et
1406 666 1734 736 epulandum
1771 667 1852 719 in—

155 746 411 814 prudenti
462 744 738 812 obposuit3
802 743 991 795 deinde
1045 744 1226 811 palam
1274 742 1416 794 facto
1455 741 1693 793 facinore
1733 759 1855 793 cum

155 820 368 890 fugeret
393 837 514 871 cum
539 836 719 870 sorore
744 817 1003 870 infestum
1026 817 1297 885 maritum,
1327 816 1384 867 in
1414 815 1760 867 hirundinem
1799 817 1853 866 et

90 912 134 945 10
154 894 439 946 lusciniam
462 893 875 961 transfiguratas
916 909 1053 960 esse,
1091 891 1268 959 ipsum
1310 908 1520 959 quoque
1546 888 1772 941 Tereum
1794 889 1854 940 in

156 986 395 1036 upupam
420 985 576 1019 auem
600 985 715 1018 esse
741 984 1073 1019 conuersum,
1156 966 1220 1016 11
1257 965 1354 1017 cui
1379 983 1570 1033 pecus
1597 966 1656 1016 et
1678 963 1857 1032 nigri

159 1043 362 1094 colles
412 1041 734 1093 Arcadiae
789 1041 1063 1111 placent.
1139 1038 1290 1090 Pana
1328 1039 1653 1107 pastoralem
1691 1037 1855 1090 Arca-

159 1116 277 1168 diae
347 1116 506 1167 deum
577 1114 860 1183 significat.
1017 1113 1084 1166 15
1159 1113 1464 1165 iuuenum
1539 1112 1856 1163 nobilium

160 1190 385 1242 cliens:
448 1188 687 1258 Augusti
734 1192 787 1240 et
832 1187 1177 1240 Maecenatis,
1256 1191 1349 1238 aut
1387 1186 1649 1254 numquid
1686 1184 1856 1238 Nero-

92 1281 134 1315 15
158 1282 289 1316 num
335 1264 709 1332 priuignorum
756 1262 993 1331 Augusti
1041 1261 1204 1314 dicit?
1323 1262 1389 1313 16
1452 1260 1651 1313 nardo
1707 1260 1858 1312 uina

158 1338 498 1390 merebere.
568 1336 755 1389 nardi
810 1355 1049 1405 paruus
1114 1354 1278 1404 onyx
1340 1335 1561 1388 eliciet
1622 1334 1858 1386 cadum.

160 1431 301 1479 onyx
368 1429 537 1481 genus
608 1411 874 1479 ampullae
946 1414 1029 1463 est
1090 1427 1438 1462 marmoreae.
1551 1409 1859 1461 ioculariter

161 1489 341 1538 autem
382 1486 531 1537 dicit:
574 1486 619 1537 si
659 1485 913 1537 adtuleris
954 1487 1307 1552 unguentum,
1347 1487 1463 1535 tum
1504 1483 1717 1534 demum
1757 1499 1857 1551 ego

157 1560 430 1629 proferam
469 1560 656 1611 uinum
690 1557 964 1611 Calenum.
1083 1559 1148 1611 18
1192 1558 1296 1627 qui
1336 1575 1504 1609 nunc
1545 1555 1858 1625 Sulpiciis

93 1651 137 1685 20
162 1634 433 1685 accubat
478 1633 748 1685 horreis,
827 1631 1162 1701 Sulpiciis:
1228 1631 1429 1683 Galbae
1469 1631 1676 1683 horreis
1717 1630 1858 1683 dicit.

160 1707 425 1777 hodieque
482 1707 659 1773 [dixit]
705 1706 907 1759 Galbae
954 1707 1149 1759 horrea
1203 1706 1330 1758 uino
1373 1708 1425 1757 et
1466 1706 1582 1758 0100
1624 1708 1678 1756 et
1717 1705 1858 1756 simi-

160 1782 302 1834 libus
355 1781 473 1833 aliis
519 1781 718 1833 referta
773 1784 913 1833 sunt.
1032 1781 1097 1832 19
1163 1798 1309 1848 3903
1366 1779 1604 1831 donare
1660 1797 1858 1832 nouas

160 1855 413 1924 largus:
455 1855 617 1907 cadus
659 1855 872 1907 scilicet.
948 1855 1259 1923 potulentos
1301 1857 1480 1906 autem
1521 1854 1716 1905 scimus
1748 1853 1858 1922 ple-

161 1948 387 1998 rumque
411 1930 617 1982 maiora
650 1947 878 1997 sperare.
993 1930 1062 1981 21
1106 1946 1241 1980 cum
1280 1931 1390 1980 tua
1429 1928 1617 1980 uelox
1655 1945 1859 1979 merce

96 2026 139 2059 25
162 2005 333 2056 ueni:
405 2021 526 2055 cum
577 2004 812 2071 ampulla
864 2003 1130 2072 unguenti
1170 2002 1384 2054 scilicet.
1536 2002 1609 2054 24
1670 2002 1860 2070 plena

165 2078 342 2130 diues
397 2081 465 2130 ut
519 2078 584 2129 in
640 2077 844 2130 domo:
906 2080 969 2129 ut
1017 2078 1062 2129 si
1112 2076 1259 2129 diues
1311 2077 1412 2128 sim
1452 2078 1505 2128 et
1542 2076 1601 2128 in
1641 2076 1859 2128 domum

163 2170 338 2204 meam
386 2152 626 2204 omnium
673 2170 851 2203 rerum
896 2152 1113 2219 plenam
1160 2153 1213 2203 te
1252 2151 1493 2203 inuitem.
1631 2150 1701 2202 26
1763 2150 1858 2202 ni-

165 2242 420 2295 grorum
481 2226 754 2294 ignium:
832 2225 1082 2278 funerum
1145 2225 1276 2278 dicit
1338 2225 1491 2294 quasi
1550 2224 1860 2294 lugubrium

163 2299 388 2368 ignium.
502 2300 569 2350 27
629 2300 822 2352 misce
857 2300 1212 2352 stultitiam
1252 2298 1551 2351 consiliis
1590 2299 1859 2351 breuem.

97 2397 141 2432 30
163 2372 419 2425 breuem
460 2374 813 2425 stultitiam
859 2374 962 2426 hoc
1003 2376 1106 2426 est:
1146 2373 1325 2425 breuis
1364 2372 1636 2441 temporis.

115 2586 120 2589 μ
288 2538 310 2576 1
344 2546 586 2588 caecropia
620 2533 682 2576 M
711 2534 778 2577 bis
898 2538 924 2576 3
958 2546 1176 2588 caecrops
1210 2532 1273 2575 M
1388 2532 1515 2575 mala
1549 2532 1612 2575 M
1699 2536 1727 2575 4
1756 2531 1862 2576 11101-

165 2592 306 2647 dinis,
371 2606 394 2635 e
448 2605 548 2647 sup.
604 2592 621 2635 i
659 2606 767 2645 scr„
833 2593 896 2635 M
1051 2597 1075 2635 6
1123 2591 1379 2635 filomelam
1429 2592 1491 2633 JVI
1637 2593 1767 2635 atreo
1800 2591 1865 2635 M

171 2656 197 2695 8
232 2650 480 2707 apposuit?
627 2651 735 2694 dem
766 2651 950 2706 pealam
984 2650 1111 2694 facta
1145 2651 1207 2693 M
1342 2655 1395 2694 12
1437 2651 1662 2694 achadiae
1692 2653 1735 2703 (r
1765 2664 1798 2694 s.
1833 2651 1861 2693 l.

165 2724 219 2753 m.
253 2715 317 2765 1.)
350 2710 413 2753 M
517 2715 572 2753 14
603 2712 889 2754 mecaenatis
923 2711 985 2752 M
1087 2715 1139 2754 16
1173 2723 1281 2752 omx
1311 2724 1457 2765 genus
1492 2710 1555 2753 M
1652 2715 1706 2753 17
1737 2722 1859 2752 mar-

167 2782 291 2812 more
327 2770 403 2826 (ae
427 2782 461 2812 s.
488 2769 514 2813 Z.
541 2783 597 2812 m.
630 2770 688 2824 1.)
716 2770 778 2812 M
898 2774 951 2812 18
984 2769 1099 2812 dicit
1129 2782 1232 2812 nos.-
1265 2769 1422 2812 dicens
1448 2769 1510 2811 M
1616 2773 1669 2812 19
1701 2782 1863 2811 uinum

165 2827 202 2870 11
233 2828 443 2872 calenum
479 2828 540 2871 M
659 2828 881 2885 3019110113
915 2832 1114 2884 accupat
1141 2828 1203 2871 M
1321 2833 1376 2871 20
1411 2826 1605 2883 Sulpicii
1630 2826 1807 2871 Galbae
1833 2841 1862 2881 ς

166 2943 197 2989 b
286 2892 603 2988 24Mmaiorare
636 2888 700 2931 M
785 2886 964 2931 maiora
995 2892 1073 2930 se?
1182 2892 1237 2930 27
1270 2901 1509 2943 mgrosum
1543 2887 1606 2930 M
1701 2891 1757 2930 30
1790 2887 1864 2929 est

198 2959 299 2989 rem
