1939 3197
185 57 290 113 130
805 53 924 99 ome
957 53 1035 110 iv,
1069 59 1095 98 5
1128 54 1177 98 et
1208 58 1247 97 6.

181 215 388 267 poena
448 193 681 264 premit
743 208 963 243 comes.
1025 189 1180 258 mire,
1236 204 1435 254 comeS,
1504 183 1703 254 inquit,
1765 181 1873 234 cul·
1920 222 1927 227 .

183 289 283 340 pae
322 287 499 339 poena
539 286 635 320 sua
674 268 779 335 est,
831 265 886 317 id
938 266 1020 316 est
1063 262 1195 316 tnon
1241 262 1515 314 differetur
1555 275 1732 328 poena
1778 273 1877 308 sua

187 340 659 413 delinquentibus',
707 358 804 409 per
844 339 987 407 quod
1026 337 1295 408 significat
1332 335 1470 388 nihil
1509 332 1744 403 gratiose
1784 331 1878 382 aut

188 419 542 488 neglegenter
580 416 711 467 fieri.
863 415 934 466 30
983 415 1045 465 et
1082 412 1278 464 uitem
1318 410 1545 462 uiduas
1588 405 1764 458 ducit
1804 403 1878 456 ad

144 511 165 544 5
190 494 468 547 arbores.
569 489 806 543 suauiter
857 490 954 555 [et]
1002 486 1192 539 uiduas
1241 485 1459 536 arbores
1508 482 1662 549 dixit,
1709 478 1880 548 prius-

191 586 353 637 quam
399 567 537 618 uites
586 564 866 616 adiunctas
904 562 1166 629 habeant,
1207 559 1333 627 quia
1372 576 1493 610 cum
1530 555 1735 608 liabent
1772 570 1882 604 ma-

190 642 344 695 ritari
377 641 628 693 dicuntur
662 657 693 691 a
723 638 953 690 rusticis.
1064 636 1132 687 31
1177 637 1238 686 et
1278 633 1505 686 alteris
1544 634 1605 682 te
1645 626 1884 680 mensis

193 716 460 769 adhibet
515 714 695 766 deum
757 712 812 764 id
875 714 975 764 est:
1034 708 1280 762 secundis
1331 706 1547 759 mensis,
1699 703 1769 755 36
1826 703 1886 752 et

194 791 411 860 magni
457 807 691 841 memor
736 786 1035 840 Herculis
1092 801 1296 835 memor
1336 779 1718 833 beneficiorum
1774 776 1886 827 eius

134 882 177 914 10
202 884 263 918 ac
302 863 705 934 magnitudinis,
857 862 925 914 39
975 859 1242 911 dicimus
1294 855 1473 908 uuidi
1511 854 1566 906 id
1606 855 1709 905 est:
1773 849 1889 919 poti

203 943 361 1008 atque
401 938 618 990 madidi.

915 1066 1035 1110 oni]
1070 1070 1110 1121 4,
1146 1071 1185 1109 6.

350 1162 510 1214 Diue
545 1178 726 1229 quem
759 1159 973 1227 proles
1006 1156 1255 1209 Niobea
1286 1169 1570 1223 magnae.
1619 1149 1753 1201 haec
1779 1141 1895 1220 ᾠδὴ

204 1240 466 1308 hymnum
491 1234 759 1303 Apollinis
786 1233 1042 1300 continet⁷
1082 1250 1187 1299 qua
1212 1226 1556 1281 commendat
1588 1225 1636 1276 ei
1661 1222 1899 1275 carmina

144 1333 187 1367 15
212 1331 309 1366 sua
334 1315 386 1364 et
412 1310 572 1363 simul
597 1308 906 1377 adloquitur
930 1324 1124 1375 pueros
1149 1304 1477 1373 puellasque,
1517 1317 1651 1368 quos
1685 1314 1901 1350 carmen

214 1387 484 1441 saeculare
526 1385 696 1436 docet.
796 1383 828 1434 3
879 1384 939 1432 et
972 1380 1201 1433 Troiae
1241 1394 1438 1446 prope
1478 1376 1690 1427 uictor
1730 1372 1900 1423 altae

210 1463 266 1514 id
314 1463 417 1513 est:
464 1476 635 1528 paene
690 1458 879 1509 uictor.
977 1455 1082 1507 lioc
1130 1456 1310 1516 autem
1358 1451 1425 1503 ad
1471 1449 1603 1501 illud
1653 1446 1904 1516 pertinet,

214 1535 356 1605 quod
397 1533 604 1586 dicatur
634 1531 788 1584 Paris
827 1532 886 1582 in
909 1529 1159 1582 Achillen
1199 1527 1455 1596 sagittam
1487 1522 1742 1592 Apolline
1783 1519 1906 1571 diri-

214 1612 373 1681 gente
412 1608 720 1660 tetendisse.
835 1605 868 1658 5
910 1603 1144 1656 ceteris
1184 1601 1385 1653 maior
1423 1598 1548 1650 tibi
1586 1596 1770 1648 miles
1809 1594 1906 1645 in-

148 1707 193 1739 20
215 1704 343 1754 par.
419 1682 544 1734 tibi
583 1682 770 1748 inpar
805 1679 1044 1732 Achilles
1079 1676 1294 1730 scilicet.
1391 1675 1458 1726 12
1474 1672 1690 1740 puluere
1717 1668 1908 1721 Teucro

213 1778 311 1828 pro
360 1756 585 1809 Teucrio
633 1756 874 1824 puluere3
926 1770 1053 1822 ergo
1109 1749 1395 1820 principali
1448 1766 1546 1817 pro
1602 1743 1908 1816 possessiuo

216 1833 434 1886 nomine
473 1849 602 1883 usus
644 1837 737 1882 est.
816 1829 891 1880 sic
925 1827 1118 1880 dicitur
1163 1824 1441 1877 Hauriat
1494 1822 1663 1874 hunc
1704 1817 1910 1870 oculis

216 1909 387 1975 iynem
427 1904 706 1958 crudelis
749 1903 822 1954 ab
865 1903 996 1954 alto
1037 1899 1375 1953 Dardanus
1408 1915 1506 1965 pro
1541 1914 1603 1947 eo
1638 1892 1781 1962 quod
1806 1893 1912 1943 est:

217 1980 542 2034 Dardanius,
645 1979 712 2030 16
753 1977 1015 2029 falleret
1055 1975 1278 2028 aulam.
1348 1972 1556 2024 aulam
1597 1969 1710 2020 sine
1752 1965 1912 2018 dubio

155 2076 199 2110 25
223 2074 320 2126 pro
369 2057 486 2107 toto
526 2052 627 2105 Ilio
675 2052 912 2120 positum
960 2053 1062 2118 est3
1108 2066 1282 2116 neque
1331 2047 1474 2099 enim
1521 2044 1695 2096 solum
1733 2057 1917 2110 regem

225 2130 537 2183 fefellerunt
576 2126 769 2179 Graeci
816 2125 1071 2178 adhibitis
1110 2121 1343 2191 insidiis,
1381 2137 1571 2173 uerum
1608 2119 1786 2169 totum
1824 2132 1918 2183 po-

227 2205 429 2273 pulum.
549 2202 615 2254 18
671 2199 1100 2265 nescioslfari
1146 2215 1376 2267 pueros
1430 2194 1486 2246 id
1527 2195 1631 2245 est:
1679 2190 1918 2243 infantes

225 2276 681 2346 περιφραστικῶς.
794 2276 865 2328 22
906 2273 1244 2326 adnuisset
1289 2270 1478 2323 rebus
1518 2267 1772 2319 Aeneae
1811 2281 1918 2333 po-

227 2353 395 2404 tiore
437 2351 663 2403 ductos
704 2350 858 2401 alite
899 2367 1110 2402 muros
1157 2347 1212 2398 id
1252 2347 1356 2398 est:
1414 2341 1691 2396 adnuisset
1719 2342 1782 2392 ut
1812 2355 1919 2390 me-

349 2503 404 2542 22
438 2497 580 2553 Verg.
613 2497 728 2540 Aen.
762 2501 806 2552 4,
839 2499 923 2539 661

233 2637 275 2688 4,
307 2637 349 2688 4,
383 2637 452 2688 37,
489 2638 527 2675 1.
590 2635 663 2684 48,
696 2634 721 2672 5
754 2628 988 2673 rubi-icam
1021 2629 1070 2673 et
1098 2628 1253 2683 legem
1286 2630 1327 2672 5.
1388 2622 1500 2668 Cod.
1523 2622 1556 2669 Ι.
1584 2630 1625 2681 9,
1650 2629 1692 2678 9,
1718 2627 1757 2666 3.
1807 2619 1920 2665 Con.

231 2692 343 2748 Leg.
375 2691 491 2736 Mos.
525 2692 573 2734 et
602 2689 736 2734 Rom.
771 2694 840 2744 14,
873 2694 914 2746 3,
948 2694 987 2733 3.
1083 2695 1106 2732 1
1140 2687 1280 2743 culpa
1309 2697 1511 2743 poenam
1543 2684 1607 2727 M
1700 2687 1726 2725 2
1760 2679 1920 2736 culpae

232 2765 387 2808 poena
419 2765 502 2794 sua
531 2763 636 2795 ‘noss
669 2748 809 2805 culpa
840 2761 1017 2805 poenae
1050 2760 1160 2792 suae
1196 2746 1259 2790 M
1376 2749 1402 2789 5
1435 2745 1483 2788 et
1514 2743 1661 2788 deleui
1773 2746 1798 2784 6
1830 2754 1920 2784 ma·

234 2810 405 2854 ritatae
437 2809 651 2855 Hauthal
682 2823 703 2853 e
734 2808 829 2853 cod.
858 2807 970 2851 Par.
1037 2813 1090 2853 13
1121 2806 1261 2850 nibea
1293 2804 1357 2848 M
1475 2808 1532 2847 14
1561 2803 1747 2858 hymnis
1780 2798 1844 2842 M

237 2868 301 2912 ei:
334 2870 373 2913 Sc
405 2870 469 2913 M
572 2874 626 2914 17
659 2882 808 2928 poene
842 2867 906 2910 M
1006 2872 1061 2911 18
1094 2865 1265 2910 dicitur
1297 2880 1326 2922 ς
1417 2861 1655 2920 appolline
1688 2860 1920 2916 derigenti

241 2928 304 2971 M
362 2933 417 2972 21
450 2942 533 2985 pro
553 2930 628 2974 T.:
660 2944 706 2986 p.
738 2944 773 2972 r.
806 2942 851 2983 p.
872 2926 924 2970 T.
944 2926 1008 2969 M
1095 2931 1151 2970 23
1183 2938 1298 2981 pro.
1325 2959 1335 2970 .
1361 2921 1615 2966 dardanius
1645 2934 1702 2963 m.
1736 2919 1934 2975 antiquo*

186 3047 189 3049 Β
239 2999 275 3030 s.
309 2987 356 3030 li.
389 2988 442 3031 in
476 2987 539 3032 M
679 2993 735 3033 26
768 2999 894 3045 greci
926 2985 1129 3030 adhibiti
1162 2984 1226 3028 M
1366 2987 1422 3026 28
1455 2980 1620 3025 adnuis
1654 2977 1736 3024 sed
1769 2977 1833 3021 M
1861 2978 1920 3022 bie
