1939 3197
153 91 258 143 140
747 91 866 135 om:
900 91 976 146 iv,
1013 96 1066 134 13
1100 91 1148 134 et
1184 95 1250 134 14.

153 227 370 279 facem.
449 225 760 295 ἐμφατικῶς
808 226 957 277 illam
1003 229 1064 278 ut
1103 225 1319 278 Amoris
1367 227 1542 279 facem
1583 227 1846 296 dilapsam

154 301 227 353 ait
267 301 324 353 in
364 301 567 354 cineres
608 303 662 353 et
701 302 1074 368 consumptam
1113 300 1400 353 refrixisse.

851 430 971 475 ODE
1006 436 1048 487 4,
1085 436 1152 476 14.

301 522 472 584 Quae
514 540 663 575 cura
717 524 972 591 patrum
1028 540 1271 590 quaeue
1328 522 1679 591 quiritium.
1754 541 1845 575 ne—

105 616 126 650 5
151 600 245 666 gat
283 598 393 649 ullo
436 599 654 649 senatus
694 596 948 665 populiue
979 595 1215 649 Romani
1256 596 1510 663 obsequio
1550 613 1707 665 posse
1747 615 1844 665 pro

143 671 348 723 meritis
404 671 597 740 dignos
654 671 888 723 honores
942 671 1175 722 inueniri
1240 670 1529 722 uirtutibus
1585 668 1844 723 Caesaris.

295 746 330 797 4
399 763 511 814 per
543 745 777 798 titulos
810 763 1246 813 memoresque
1286 745 1496 796 fastos
1530 747 1845 798 aeternet:

145 819 337 887 quibus
392 820 451 871 in
498 822 776 871 aeternum
832 821 1186 871 consecretur.
1341 819 1370 870 7
1437 837 1617 887 quem
1677 819 1844 889 legis

144 896 438 961 expertes
515 892 788 945 Latinae
866 892 1195 945 Uindelici
1281 892 1563 945 didicere
1642 911 1845 962 nuper

79 979 122 1012 10
145 967 295 1035 quid
357 967 559 1019 Marte
628 968 855 1036 possis
932 986 1045 1019 non
1097 968 1170 1019 sic
1208 967 1341 1019 haec
1383 967 1533 1036 dicit,
1584 968 1736 1036 quasi
1775 967 1842 1019 ab

143 1040 396 1110 Augusto
453 1040 680 1093 Caesare
735 1040 1003 1093 Uindelici
1060 1041 1310 1093 debellati
1362 1041 1491 1109 sint,
1554 1042 1647 1093 sed
1702 1041 1844 1109 quod

149 1113 358 1167 Drusus
392 1116 711 1168 exercitibus
745 1120 792 1167 et
813 1116 1065 1183 auspiciis
1091 1116 1327 1184 Augusti
1360 1133 1449 1166 eos
1483 1115 1845 1168 debellauerit.

297 1190 364 1241 10
405 1188 749 1242 Genaunos
804 1188 1241 1258 Brennosque.
1307 1188 1613 1257 Cisalpinae
1654 1192 1843 1259 gentes

147 1265 274 1315 sunt
304 1262 423 1314 hae.
574 1264 639 1315 12
682 1266 743 1315 et
783 1281 960 1315 arces
1000 1262 1276 1331 Alpibus
1339 1263 1662 1331 inpositas
1726 1268 1843 1316 tre-

78 1348 119 1382 15
143 1339 395 1390 mendis.
472 1355 577 1390 non
617 1337 794 1404 ‘Alpes
824 1336 1155 1389 tremendas'
1197 1340 1257 1389 ut
1291 1337 1491 1389 dictum
1526 1341 1607 1389 est
1637 1338 1844 1390 intelle-

142 1428 331 1480 gamus
381 1411 472 1463 sed
525 1411 652 1464 ‘hos
703 1411 1011 1464 tremendos
1058 1412 1112 1463 id
1154 1415 1236 1463 est
1274 1412 1565 1480 timendos,
1621 1413 1712 1480 qui
1751 1430 1841 1464 eas

140 1484 435 1537 habitant'.
555 1486 620 1537 13
677 1486 914 1537 deiecit
968 1503 1109 1538 acer
1162 1487 1304 1554 plus
1360 1486 1496 1537 uice
1545 1486 1841 1554 simplici.

142 1560 261 1610 uult
310 1559 555 1628 intellegi
609 1560 666 1610 in
720 1560 998 1612 uastandis
1054 1559 1137 1611 his
1189 1578 1301 1612 non
1340 1562 1551 1611 tantam
1589 1560 1695 1612 illis
1737 1560 1839 1612 cla-

146 1633 267 1685 dem
328 1633 575 1685 intulisse
639 1637 897 1702 quantam
952 1634 1056 1701 ipsi
1112 1633 1390 1701 dederant,
1454 1633 1546 1685 sed
1609 1634 1842 1702 duplam.

74 1718 116 1750 20
139 1706 243 1760 hoc
283 1710 364 1759 est
404 1708 547 1759 enim
588 1707 719 1760 ‘non
759 1707 1056 1775 simplicem
1095 1707 1267 1759 uicem
1305 1707 1659 1760 reddentem'.

145 1761 214 1833 s4
263 1781 464 1834 maior
518 1779 857 1834 Neronum.
936 1781 1065 1834 ordo
1109 1785 1212 1833 est:
1276 1781 1483 1834 Drusus
1524 1782 1695 1834 maior
1733 1780 1840 1834 Ne-

145 1873 354 1908 ronum.
440 1855 529 1907 hic
584 1856 726 1907 enim
780 1856 951 1907 maior
1005 1857 1138 1908 natu
1192 1856 1310 1908 fuit.
1466 1856 1531 1908 18
1604 1857 1836 1908 deuota

141 1929 334 1982 morti
388 1932 657 1998 pectora
711 1930 972 1982 liberae.
1028 1930 1324 1999 elegantem
1394 1948 1505 1982 non
1537 1932 1838 1983 metuentes

141 2006 385 2055 mortem.
477 2008 690 2056 mortem
744 2004 969 2056 liberam
1022 2007 1282 2073 perpetuo
1339 2004 1576 2072 epitheto
1641 2004 1838 2056 dictam

74 2088 116 2122 25
141 2077 335 2145 accipe.
476 2078 542 2130 19
601 2078 863 2146 quantis
924 2078 1240 2147 fatigaret
1302 2078 1533 2130 ruinis:
1595 2078 1836 2130 hostium

138 2151 307 2203 ruinis
349 2152 564 2204 scilicet.
680 2153 751 2204 20
805 2152 1155 2204 indomitas
1208 2170 1404 2221 prope
1460 2152 1670 2220 qualis
1718 2170 1833 2204 un-

140 2224 248 2277 das
290 2229 542 2277 exercet
594 2225 835 2278 Auster
880 2225 1210 2278 Pleiadum
1250 2226 1442 2279 choro
1499 2226 1835 2278 scindente

138 2297 339 2350 nubes
391 2300 648 2368 inpiger
700 2300 982 2353 hostium
1033 2318 1264 2352 uexare
1304 2303 1562 2352 turmas.
1639 2300 1835 2352 mirum

140 2371 355 2440 aliquod
396 2373 636 2441 sequitur
676 2368 1095 2435 ἀνακόλουθον;
1143 2392 1262 2426 cum
1303 2374 1446 2425 enim
1485 2374 1836 2443 praedixisset

73 2445 368 2514 zo‘qualis',
423 2465 535 2499 non
573 2447 759 2499 intulit
799 2448 941 2515 quod
981 2450 1096 2499 erat
1135 2465 1467 2515 consequens
1509 2446 1701 2515 ‘talis'‚
1742 2447 1834 2499 sed

141 2518 405 2589 einpiger'.
485 2538 611 2590 ergo
669 2522 745 2573 sic
799 2524 975 2573 totum
1025 2521 1467 2590 intellegendum:
1532 2521 1704 2590 qualis
1754 2524 1834 2573 est

258 2672 279 2710 1
315 2669 597 2710 εηΦατιΚωε
631 2666 693 2709 Μ
833 2672 857 2709 2
904 2666 1139 2710 refrunsse
1187 2668 1244 2722 (ri
1275 2680 1330 2710 ex
1359 2681 1409 2711 re
1443 2680 1556 2712 corr.
1589 2681 1646 2711 m.
1678 2668 1737 2721 1.)
1773 2667 1836 2710 M

258 2731 281 2769 7
315 2726 462 2769 fasces
498 2726 560 2768 M
707 2730 732 2769 8
779 2726 920 2769 uerba
968 2725 1134 2780 quibus
1173 2725 1220 2768 in
1252 2727 1494 2770 aeternum
1526 2727 1830 2779 consecretur,

138 2798 252 2839 quae
282 2786 334 2827 isn
369 2785 431 2828 M
460 2800 487 2840 ς
511 2789 618 2840 post
651 2783 860 2828 Caesaris
886 2785 1044 2839 posita
1081 2789 1203 2837 sunt,
1234 2798 1317 2828 ‘nos
1347 2786 1713 2841 transposuimus

141 2848 192 2885 11
229 2845 334 2886 sunt
365 2849 398 2899 (1
421 2857 454 2888 3.
481 2845 508 2887 l.
534 2858 590 2888 m.
616 2845 675 2899 1.)
704 2843 766 2886 M
871 2848 924 2886 12
943 2843 1218 2887 exercitibus
1250 2846 1462 2901 auspitns
1482 2845 1553 2889 M.
1649 2849 1701 2888 18
1726 2844 1828 2887 tan-

138 2901 239 2944 tum
273 2903 335 2944 M
467 2908 521 2946 23
554 2903 814 2946 metuentes
845 2915 949 2945 nos:
996 2903 1208 2946 metuens
1242 2904 1305 2946 M
1433 2908 1488 2946 24
1520 2904 1718 2947 mortem
1749 2903 1828 2946 ad-

139 2960 240 3004 didi
328 2965 386 3061 {7
420 2962 582 3006 choros
612 2962 674 3005 M
777 2966 832 3006 28
865 2961 1226 3005 uexar&urmars
1261 2962 1323 3005 M
1413 2968 1467 3006 29
1501 2961 1693 3017 aliquod
1723 2974 1829 3005 nos:

140 3032 199 3061 an
232 3032 321 3074 quo
391 3021 453 3063 M
650 3029 664 3042 ⁹
