1939 3197
142 86 251 137 214
729 83 931 129 SERMO
966 86 1000 139 Ι,
1034 90 1073 140 5,
1105 88 1266 127 4-25.

140 221 265 273 inde
304 221 504 273 fretum
544 219 833 273 Siciliense.
947 220 983 271 4
1030 219 1365 271 differtum
1403 218 1619 270 nautis
1661 221 1714 270 et
1751 237 1830 270 re-

140 295 302 363 liqua.
378 295 686 363 peruenisse
718 294 919 346 Forum
943 292 1106 361 Appii
1144 293 1360 359 indicat,
1391 293 1484 344 ubi
1507 292 1666 343 turba
1691 296 1832 344 esset

140 372 454 436 nautarum,
516 368 607 436 qui
667 368 725 419 in
778 367 1081 435 Pomptinis
1144 366 1427 435 paludibus
1483 366 1831 434 nauigabant,

140 443 270 495 item
309 460 613 510 cauponum
651 442 727 493 ibi
765 441 1105 494 morantium.
1182 440 1284 492 iter
1309 443 1487 492 autem
1519 440 1652 491 illud
1677 458 1829 507 expe-

97 530 118 562 5
143 516 424 568 ditioribus
464 516 624 567 unius
665 516 770 567 diei
810 533 923 567 esse
964 515 1114 582 dicit,
1169 514 1310 582 quod
1349 514 1463 582 ipse
1503 514 1664 566 biduo
1707 532 1831 565 con-

140 590 341 642 fecerit.
456 590 490 642 5
532 590 728 641 altius
770 632 780 641 .
822 631 832 641 .
872 588 1262 657 praecinctis
1318 588 1372 639 id
1412 591 1493 639 est
1533 587 1830 656 expeditius

141 668 195 716 et
235 664 445 733 agilius.
560 665 589 715 7
646 664 748 716 hic
800 680 914 733 ego
955 665 1219 731 propter
1259 680 1483 730 aquam
1523 665 1575 713 et
1614 661 1832 729 reliqua.

139 738 406 806 hodieque
461 737 600 790 Foro
653 737 799 806 Appi
852 737 1087 789 uiatores
1146 739 1367 804 propter
1419 753 1635 804 aquam,
1698 753 1832 803 quae

139 812 215 864 ibi
255 812 540 864 deterrima
580 814 674 879 est,
713 829 930 863 manere
969 811 1160 862 uitant.
1237 810 1365 861 dicit
1404 827 1531 879 ergo
1572 809 1833 861 Horatius

81 899 122 929 10
149 904 205 938 se
244 886 321 937 ibi
362 904 552 937 cenare
591 886 850 953 noluisse7
903 902 966 937 we
1003 902 1219 936 necesse
1265 883 1489 935 haberet
1528 883 1723 935 bibere.

150 961 218 1012 12
280 959 400 1012 huc
457 960 710 1028 appelle
760 961 1090 1011 trecentos
1144 958 1397 1009 inseris.
1489 957 1655 1008 uerba
1710 959 1837 1008 sunt

145 1036 345 1085 nautae
385 1033 691 1101 irascentis,
742 1033 882 1101 quod
922 1033 1078 1101 plura
1116 1032 1246 1084 naui
1283 1032 1510 1100 inponat
1549 1049 1709 1098 quam
1748 1048 1837 1098 pe-

145 1108 358 1176 pigerat
399 1107 474 1172 [id
514 1110 617 1158 est:
657 1110 846 1174 pactus
887 1106 1100 1171 fuerat}
1226 1105 1293 1157 13
1366 1105 1505 1156 dum
1569 1122 1671 1156 aes
1735 1122 1834 1155 ex—

143 1182 353 1250 igitur
408 1181 550 1232 dum
605 1179 772 1232 mula
821 1180 1080 1249 ligatur.
1179 1179 1525 1231 manifestum
1576 1181 1678 1246 est,
1727 1178 1834 1229 illis

79 1267 121 1299 15
145 1254 477 1323 temporibus
535 1273 630 1322 per
683 1254 905 1323 paludes
946 1253 1265 1322 Pomptinas
1315 1271 1427 1305 non
1475 1253 1640 1304 talem
1691 1252 1836 1303 uiam

141 1329 323 1398 fuisse,
361 1331 421 1380 ut
460 1328 723 1381 uehiculis
762 1329 856 1380 illa
894 1328 970 1379 ire
1010 1330 1254 1396 possent3
1300 1327 1481 1394 itaque
1519 1344 1713 1378 nauem
1754 1344 1835 1378 so-

141 1404 268 1455 litos
321 1402 675 1455 conscendere
730 1402 992 1470 uiatores,
1054 1420 1215 1470 quam
1268 1401 1568 1452 iumentum
1620 1399 1836 1467 aliquod

142 1477 373 1529 duceret.
491 1476 560 1529 15
623 1477 953 1529 absentem
1015 1478 1237 1527 cantat
1306 1475 1572 1526 amicam
1634 1473 1836 1525 multa

141 1551 440 1619 prolutus
495 1569 703 1619 uappa
753 1553 951 1602 nauta
1007 1553 1195 1618 atque
1250 1549 1479 1600 uiator.
1569 1547 1643 1599 sic
1692 1547 1834 1599 enim

78 1636 120 1667 20
143 1625 288 1677 leues
345 1643 406 1676 ac
456 1625 709 1693 uulgares
763 1624 1009 1676 homines
1065 1626 1229 1676 noctu
1282 1622 1474 1675 solatia
1525 1621 1835 1690 uigiliarum

143 1716 396 1767 quaerere
438 1699 614 1750 solent
653 1698 863 1750 cantica
902 1697 1164 1749 amatoria
1207 1699 1504 1748 cantantes,
1645 1696 1711 1748 18
1766 1713 1834 1747 ac

141 1772 375 1824 missae
429 1775 683 1840 pastum
733 1771 1103 1823 retinacula
1154 1771 1360 1822 mulae
1415 1772 1612 1821 nauta
1651 1769 1836 1838 piger

144 1864 294 1899 saxo
357 1846 610 1914 religat.
717 1848 1071 1913 posteaquam
1134 1844 1522 1897 obdormierint
1583 1843 1836 1911 uiatores,

142 1920 272 1972 dicit
320 1922 545 1971 nautam
596 1920 797 1971 mulam
845 1919 1166 1971 disiunctam
1205 1921 1419 1986 pastum
1459 1917 1666 1968 misisse
1706 1917 1836 1969 naui

77 2007 119 2038 25
144 1994 441 2046 retinaculo
494 1994 560 2045 ad
613 2012 799 2045 saxum
849 1993 1031 2062 ligata.
1169 1993 1241 2044 24
1311 2011 1418 2044 ora
1488 2009 1834 2059 manusque

141 2072 253 2120 tua
314 2068 586 2120 lauimus
649 2066 924 2120 Feronia
978 2066 1249 2135 lympha.
1371 2065 1718 2117 Tarracinam
1781 2083 1835 2116 se

144 2145 337 2210 quarta
390 2142 526 2194 hora
575 2141 796 2194 tandem
850 2145 1161 2209 peruectum
1200 2159 1314 2193 esse
1355 2140 1496 2192 dicit.
1572 2138 1836 2206 hodieque
1891 2180 1895 2183 .

144 2220 325 2268 autem
363 2216 584 2283 paulum
625 2216 758 2267 citra
796 2215 1143 2267 Tarracinam
1180 2214 1303 2267 fons
1342 2213 1603 2266 Feroniae
1643 2216 1738 2264 est.

144 2289 216 2342 25
266 2290 446 2341 milia
495 2293 625 2341 tum
676 2289 898 2358 pransi
951 2289 1076 2340 tria
1115 2289 1396 2357 repimus
1453 2290 1642 2355 atque
1690 2287 1833 2338 sub-

78 2376 122 2407 30
145 2363 310 2416 imus
351 2364 707 2432 inpositum
748 2363 916 2415 saxis
956 2363 1085 2415 late
1139 2362 1565 2415 candentibus
1605 2359 1836 2412 Anxur.

147 2456 283 2506 quae
338 2455 483 2489 nunc
523 2437 816 2489 Tarracina
869 2437 1085 2504 dicitur,
1138 2436 1266 2489 olim
1305 2435 1495 2487 Anxur
1547 2434 1835 2486 dicebatur.

143 2512 286 2564 unde
324 2510 521 2564 Jouem
559 2511 834 2563 Anxurem
890 2511 1161 2578 colebant,
1223 2510 1371 2562 cuius
1412 2512 1465 2561 et
1503 2507 1835 2577 Uergilius

268 2736 289 2772 1
324 2729 431 2774 inde
465 2730 525 2773 ad
559 2746 587 2785 ς
708 2737 735 2774 4
782 2732 1015 2774 moratum
1049 2729 1127 2786 M,
1177 2742 1451 2784 cauponum.
1506 2727 1573 2771 ibi
1603 2728 1837 2770 moratum

146 2791 220 2844 (sc.
253 2803 300 2832 se
332 2790 476 2844 esse)‘?
629 2795 653 2833 6
685 2790 912 2845 precincti
945 2789 1007 2831 M
1154 2793 1179 2832 9
1211 2787 1451 2832 teterrima
1482 2786 1732 2830 Fabricius

148 2853 201 2890 11
236 2848 387 2904 apelle
420 2848 484 2891 M
603 2853 656 2892 13
689 2849 798 2892 haec
828 2849 974 2891 deleuz'
1097 2853 1150 2891 16
1191 2846 1417 2890 uehiculis
1447 2859 1552 2890 nos:
1597 2845 1836 2889 uehiculas

149 2906 221 2961 M,
254 2906 470 2950 uehicula
502 2922 531 2963 ς
650 2907 797 2963 poss&
831 2907 893 2949 M
1013 2911 1067 2950 18
1100 2907 1293 2950 duceret
1322 2919 1426 2949 nos:
1474 2904 1728 2948 conducere
1763 2904 1834 2959 M,

147 2965 423 3009 conduceret
454 2982 482 3021 ς
604 2972 660 3010 20
691 2968 841 3010 noctis
868 2966 931 3008 M
1048 2971 1105 3008 24
1136 2978 1275 3008 misse
1310 2964 1373 3007 M
1489 2968 1544 3006 25
1576 2962 1834 3006 retinaculo

146 3036 250 3067 nos:
280 3024 539 3069 retinacula
572 3026 636 3068 M
752 3030 806 3068 31
841 3024 1016 3081 olymm
1051 3024 1113 3067 M
1230 3029 1285 3066 32
1320 3036 1478 3066 anmi-e
1513 3022 1573 3064 M
