1939 3197
154 55 263 107 230
736 55 938 100 SERMo
971 56 1005 112 i,
1039 62 1080 112 s,
1115 59 1274 101 ἰ’-16.

151 193 179 243 7
222 195 528 262 uetatque
569 193 756 247 nouis
796 192 1077 244 insidere
1116 193 1184 244 in
1221 193 1443 246 hortis.
1497 195 1648 248 nouis
1678 194 1842 248 hortis

148 266 268 319 ideo
310 267 466 337 dixit,
515 268 680 336 quod,
720 285 842 320 cum
880 266 1165 336 Esquilina
1204 268 1353 337 regio
1394 268 1542 337 prius
1583 269 1841 339 sepulcris

148 344 202 393 et
241 341 414 394 bustis
454 345 687 410 uacaret,
725 342 931 411 primus
966 341 1251 394 Maecenas
1292 343 1665 396 salubritatem
1704 344 1841 397 aeris

148 415 224 467 ibi
249 434 364 468 esse
389 435 582 485 passus
606 416 794 469 hortos
832 416 1125 469 constituit.
1181 419 1362 485 potest
1400 418 1590 471 nouis
1630 417 1840 471 hortis

111 490 321 558 5accipi
374 509 472 559 pro
529 490 734 543 ‘recens
791 489 956 544 satis'.
1047 491 1276 543 maxime
1332 492 1475 544 enim
1530 510 1656 545 aues
1710 496 1842 545 tunc

144 564 512 632 prohibendae
568 584 632 618 ex
685 566 858 619 hortis
915 568 1063 633 sunt,
1126 583 1194 617 ne
1258 566 1463 618 semina
1524 567 1582 618 in
1639 569 1840 620 terram

144 639 310 691 missa
349 640 624 710 colligant.
748 642 814 693 11
855 639 1217 692 Pantolabo
1267 658 1526 693 scurrae
1566 638 1840 694 Nomen-

143 716 425 783 tanoque
464 715 688 784 nepoti
726 715 901 767 mille
941 714 1133 783 pedes
1172 714 1238 766 in
1276 714 1493 768 fronte
1534 718 1591 768 et
1619 716 1839 785 reliqua.

146 806 406 842 commune
465 790 753 856 semlerum
806 789 1163 842 urbanissime
1227 789 1421 842 dicitur
1481 789 1614 842 haec
1675 791 1842 860 regio,

77 886 120 918 io
144 881 377 932 namque
416 864 659 933 publicas
715 864 951 917 ustrinas
1004 863 1257 915 habebat.
1347 883 1510 933 quare
1566 865 1842 934 eleganter

142 937 445 991 Pantolabo
493 943 547 991 et
593 938 961 1007 Nomentano,
1010 938 1101 1007 qui
1147 938 1291 991 bona
1349 957 1446 991 sua
1485 939 1843 1009 comederant,

144 1013 257 1064 lata
302 1014 635 1066 monimenta
681 1016 955 1082 praestare
1003 1030 1148 1065 nunc
1197 1012 1412 1081 dicitur,
1464 1014 1667 1066 scilicet
1715 1014 1841 1082 quia

143 1087 357 1155 priuata
412 1087 609 1140 habere
665 1106 779 1141 non
831 1090 1099 1157 poterant.
1199 1088 1336 1139 solet
1384 1090 1564 1140 autem
1610 1087 1838 1156 priuatis

142 1161 490 1214 monimentis
545 1162 788 1231 inscribi,
844 1164 976 1231 quot
1036 1160 1197 1229 pedes
1260 1161 1318 1213 in
1372 1161 1551 1214 fronte
1605 1164 1737 1230 quot
1782 1162 1842 1214 in

78 1258 120 1290 15
146 1237 290 1305 agris
352 1237 615 1299 habeant3
671 1237 802 1289 item
857 1235 1221 1306 singularibus
1276 1237 1591 1305 plerumque
1646 1236 1839 1289 litteris

143 1312 323 1363 notari
371 1312 509 1364 solet
555 1311 690 1364 Hoc
738 1312 1198 1364 monimentum
1246 1310 1512 1363 heredes
1563 1329 1692 1363 non
1746 1329 1838 1363 se-

145 1388 397 1455 quetur,
437 1386 687 1438 uidelicet
725 1405 792 1438 ne
835 1386 926 1455 qui
965 1385 1048 1438 ius
1087 1385 1288 1438 habeat
1326 1385 1623 1437 inferendis
1661 1385 1737 1438 ibi
1761 1403 1840 1438 re-

141 1460 322 1529 liquiis
362 1464 700 1514 mortuorum
742 1462 1019 1528 [tuorum].
1074 1459 1179 1512 fuit
1219 1462 1400 1512 autem
1423 1458 1640 1512 Mallius
1672 1478 1840 1512 uerna

141 1537 293 1587 trans
335 1534 572 1587 Tiberim
611 1534 863 1606 ingenuis
904 1534 1220 1604 parentibus
1268 1537 1451 1602 natUS,
1499 1534 1590 1603 qui
1642 1534 1768 1603 quia
1808 1553 1839 1587 a

77 1632 120 1664 20
144 1609 328 1662 multis
384 1611 669 1678 pecuniam
723 1614 968 1662 mutuam
1023 1609 1305 1678 erogabat,
1366 1608 1696 1661 Pantolabos
1759 1612 1841 1661 est

31 1695 36 1699 ’
145 1685 562 1753 cognominatus
572 1727 586 1753 ,
642 1685 733 1736 sed
782 1684 1027 1753 quamuis
1084 1683 1290 1752 aliquot
1343 1683 1490 1736 uitiis
1551 1685 1842 1753 teneretur,

143 1761 327 1811 tamen
373 1761 596 1827 propter
643 1759 1041 1811 scurrulitatem
1088 1757 1453 1826 compluribus
1506 1760 1622 1809 erat
1661 1757 1839 1811 dome-

145 1833 276 1885 stice
316 1836 495 1886 notus.
551 1831 704 1886 Cassi
745 1836 925 1885 autem
963 1831 1296 1885 Nomentani
1334 1831 1508 1900 huius,
1548 1849 1707 1900 quem
1746 1850 1838 1884 ne-

144 1910 328 1976 potem
365 1909 587 1977 propter
624 1908 911 1978 prodigam
955 1907 1127 1959 uitam
1174 1906 1485 1975 appellauit,
1533 1923 1691 1974 saepe
1730 1923 1840 1958 me-

77 1982 316 2035 25minit.
438 1982 505 2035 14
552 2000 722 2036 nunc
770 1983 926 2035 licet
963 1980 1283 2050 Esquiliis
1330 1980 1628 2032 habitare
1669 1981 1837 2032 salu-

143 2057 383 2115 bribus
485 2057 713 2126 scilicet,
776 2057 902 2126 quia
963 2057 1242 2125 promotae
1305 2055 1522 2124 longius
1584 2054 1840 2123 ustrinae,

146 2131 384 2184 salubres
423 2131 601 2184 factae
643 2134 770 2184 sunt
793 2130 1086 2201 Esquiliae.
1183 2130 1249 2182 16
1291 2129 1458 2182 albis
1498 2128 1840 2182 informem

264 2268 287 2305 1
312 2262 446 2306 nouis
471 2263 620 2307 hortis
646 2263 812 2308 addidi
902 2269 927 2307 3
954 2263 992 2307 85
1015 2262 1163 2306 bustis
1188 2276 1244 2305 m.
1271 2265 1318 2306 2.
1344 2262 1375 2306 i.
1400 2274 1544 2317 marg.
1578 2260 1683 2305 add.
1719 2259 1783 2303 M

143 2327 171 2365 4
202 2335 387 2378 passus:
420 2322 537 2366 ritus
571 2323 716 2378 (ratus
727 2325 764 2380 ‘?)
800 2338 828 2379 ς
978 2323 1135 2379 potest
1179 2322 1254 2365 et?
1407 2325 1433 2364 5
1466 2334 1576 2364 aues
1608 2320 1720 2363 tunc
1753 2319 1835 2375 (tc)

143 2395 248 2425 2203:
279 2381 489 2425 aueste'iii
523 2383 587 2425 M
720 2388 746 2427 6
780 2383 874 2427 ortt
905 2383 968 2425 M
1098 2382 1365 2425 intermissa
1397 2380 1461 2423 M
1591 2383 1615 2422 7
1648 2391 1836 2422 nomen·

143 2445 346 2497 taneque
388 2441 451 2484 M
598 2446 624 2486 9
666 2455 909 2486 commune
950 2455 1044 2497 sep.
1085 2440 1275 2493 addidi,
1322 2438 1504 2483 dicitur.
1552 2438 1669 2482 haec
1706 2437 1837 2494 regio

146 2513 347 2556 namque
381 2515 410 2556 ς
534 2505 588 2545 10
620 2501 834 2557 puplicas
869 2501 932 2544 M
1049 2499 1188 2555 quale
1216 2499 1279 2542 Μ
1399 2503 1452 2542 12
1484 2511 1627 2541 nunc:
1659 2510 1753 2540 non
1779 2497 1842 2540 M

264 2564 316 2603 13
349 2561 547 2616 poterat,
578 2574 635 2603 m.
669 2564 715 2605 2.
748 2575 779 2603 n
811 2561 933 2614 add„
968 2559 1031 2603 M
1173 2562 1228 2601 14
1260 2559 1320 2614 qd
1355 2558 1424 2602 bis
1552 2556 1705 2614 pedis,
1737 2571 1755 2600 1
1785 2556 1839 2600 in

145 2631 169 2660 e
202 2632 316 2663 corr.
349 2633 406 2663 m.
439 2623 504 2673 2,,
540 2619 604 2662 Μ
709 2624 762 2663 15
796 2633 922 2677 agro,
957 2633 983 2664 o
1015 2619 1067 2663 in
1097 2633 1137 2662 is
1168 2631 1282 2662 corr.
1316 2631 1372 2661 m.
1405 2621 1464 2671 1.,
1491 2617 1554 2660 M
1654 2615 1839 2671 plerum

139 2677 307 2733 litteri,
340 2693 392 2735 q;
425 2682 466 2723 et
497 2694 518 2722 s
549 2679 656 2723 add.
688 2692 746 2723 m.
779 2683 825 2734 2,
861 2680 924 2722 Μ
1096 2682 1149 2722 16
1183 2677 1402 2734 sequetur
1431 2677 1504 2721 uel
1535 2674 1747 2732 sequitur
1779 2689 1835 2731 ςε

145 2740 399 2794 sequentur
431 2738 494 2781 M
615 2743 668 2782 17
703 2753 837 2794 quius
871 2738 935 2781 M
1065 2735 1296 2781 inferendi
1325 2735 1393 2780 ibi
1423 2734 1656 2791 relequias
1689 2749 1718 2790 ς

148 2801 200 2841 18
233 2798 420 2842 mallius
452 2810 508 2841 ex
531 2797 701 2841 uallius
733 2810 848 2842 corr.
873 2802 915 2842 et
937 2811 1081 2841 uerna
1112 2810 1147 2840 s.
1180 2797 1209 2840 l.
1243 2796 1347 2842 add.
1380 2809 1437 2839 m.
1470 2799 1517 2840 2.
1550 2795 1603 2838 in
1635 2793 1699 2837 M
1779 2797 1834 2836 22

145 2857 463 2912 cumpluribus
498 2857 561 2899 M
738 2857 1005 2901 domesticis
1040 2856 1121 2909 M,
1154 2854 1405 2899 domestice
1437 2854 1532 2898 cod.
1566 2869 1607 2909 γ.
1639 2852 1838 2896 Acrom‘s

266 2921 320 2960 23
356 2930 578 2972 cuiusque
613 2916 676 2959 Μ
823 2921 880 2960 24
910 2915 1191 2972 prodignam
1223 2950 1233 2960 .
1269 2950 1277 2959 .
1311 2913 1538 2971 apellamt
1571 2912 1634 2955 M
1781 2916 1836 2956 26

142 2991 372 3045 promote.
413 2979 717 3048 longiiil'trine
752 2990 811 3033 M
