1939 3197
711 70 830 114 onE
863 70 898 125 1,
931 74 956 113 5
990 70 1038 114 et
1070 74 1109 113 6.
1719 67 1752 118 9

781 246 900 290 ons
936 252 974 301 1,
1010 250 1048 290 5.

220 339 374 400 Quis
430 338 638 390 multa
693 337 959 407 gracilis
1014 340 1074 388 te
1121 352 1273 405 puer
1320 335 1385 386 in
1430 353 1576 387 rosa
1614 352 1753 403 per-

70 413 249 465 fusus
305 411 574 481 liquidis
629 414 814 480 urget
868 410 1188 463 odoribus.
1270 408 1534 477 Pyrrham
1588 426 1754 459 mere·

70 487 259 538 tricem
307 486 634 554 adloquitur,
690 485 837 536 cuius
883 484 1230 536 calliditatem
1277 483 1534 552 ignorans
1583 482 1660 534 ait
1699 500 1754 534 se

71 578 281 629 quoque
320 561 378 611 in
417 577 654 611 amorem
693 559 806 610 eius
839 558 1138 625 inplicitum
1171 557 1431 625 susceptis
1464 555 1604 608 uotis
1635 558 1753 608 tan·
1779 568 1799 601 5

70 634 191 685 dem
231 634 481 685 euasisse.
570 634 597 684 1
640 632 948 701 gracilem
986 649 1082 699 pro
1123 634 1308 682 tenero
1349 631 1545 697 posuit.
1584 629 1756 681 teneri

70 707 215 758 enim
263 707 435 758 adhuc
483 706 708 775 graciles
750 706 924 757 solent
961 723 1077 756 esse
1125 707 1179 756 et
1223 704 1430 772 puellae
1478 706 1532 754 et
1580 702 1755 754 adule-

71 783 296 834 scentes.
402 780 436 832 5
476 780 597 831 heu
637 780 933 847 quotiens
979 777 1175 830 fidem
1205 797 1274 829 m.
1308 778 1454 829 deos
1493 776 1529 829 f.
1569 779 1630 828 et
1675 795 1756 828 as.

69 872 165 922 per
213 854 529 923 allegoriam
574 853 707 904 haec
755 853 1026 921 dicuntur,
1077 852 1270 920 quibus
1313 851 1583 920 significat
1621 852 1754 901 tem-

69 930 345 995 pestatum
383 927 542 979 modo
583 927 873 978 mutabiles
915 945 1031 978 esse
1071 925 1370 977 meretricis
1411 924 1570 975 huius
1602 924 1754 975 blan·
1782 939 1822 969 10

72 1001 250 1053 ditias.
362 1002 429 1053 12
468 1001 689 1052 miseri
730 1001 961 1069 quibus
1009 1000 1119 1051 int.
1159 1018 1209 1050 n.
1265 999 1491 1050 miseros
1532 1016 1623 1050 eos
1665 998 1756 1066 ait,

70 1076 265 1144 quibus
312 1076 501 1144 ignota
549 1078 603 1126 et
649 1075 930 1142 inexperta
971 1074 1042 1125 sit
1078 1073 1238 1125 huius
1278 1071 1575 1124 meretricis
1614 1071 1757 1122 frau-

71 1149 325 1201 dulentia.
390 1167 444 1200 se
486 1152 665 1200 autem
704 1167 853 1200 more
894 1166 1093 1215 eorum7
1134 1147 1225 1215 qui
1264 1148 1552 1198 euaserunt
1591 1145 1756 1197 maris

69 1223 332 1291 pericula,
384 1225 516 1274 uota
564 1223 814 1289 soluisse,
872 1222 1015 1291 quod
1062 1239 1243 1272 amore
1288 1220 1447 1271 huius
1494 1220 1756 1271 liberatus

73 1297 157 1348 sit.
218 1296 460 1348 uidemus
494 1299 674 1347 autem
703 1296 968 1364 hodieque
999 1295 1222 1364 pingere
1260 1294 1318 1344 in
1356 1293 1557 1345 tabulis
1599 1311 1755 1361 quos-
1783 1303 1824 1335 15

72 1369 195 1421 dam
243 1388 422 1438 casus7
478 1388 611 1438 quos
660 1370 716 1420 in
762 1370 899 1420 mari
944 1368 1094 1436 passi
1135 1369 1263 1435 sint,
1321 1369 1481 1435 atque
1521 1367 1579 1418 in
1616 1366 1757 1418 fanis

71 1443 402 1495 marinorum
447 1443 667 1494 deorum
712 1461 927 1510 ponere.
1005 1445 1131 1493 sunt
1185 1441 1350 1492 etiam
1405 1441 1496 1508 qui
1550 1443 1759 1492 uestem

72 1535 283 1586 quoque
315 1517 392 1568 ibi
425 1516 774 1584 suspendunt,
807 1516 908 1567 diis
941 1534 1059 1567 eam
1093 1515 1485 1567 consecrantes,
1568 1515 1634 1566 13
1666 1532 1757 1565 me

70 1591 297 1642 tabula
337 1608 515 1642 sacer
565 1590 792 1642 uotiua
840 1590 1054 1658 paries
1102 1589 1349 1640 indicat
1395 1587 1616 1639 uuida:
1673 1606 1758 1639 me

72 1682 222 1716 sacer
266 1664 442 1732 paries
489 1683 585 1732 per
632 1664 876 1716 tabulam
926 1663 1169 1715 uotiuam
1219 1662 1421 1713 indicat
1458 1661 1623 1712 maris
1663 1680 1757 1729 po-
1782 1673 1824 1704 20

70 1738 208 1790 tenti
246 1738 343 1790 deo
383 1739 709 1790 uestimenta
750 1737 1105 1806 suspendisse.

784 1883 903 1927 oon
939 1888 977 1938 1,
1012 1888 1051 1927 6.

221 1972 542 2026 Scriberis
592 1973 787 2026 Uario
846 1974 1038 2026 fortis
1095 1976 1156 2024 et
1209 1972 1495 2025 hostium
1549 1971 1758 2022 uictor

75 2047 359 2099 Maeonii
400 2048 716 2100 carminis.
786 2047 1090 2116 Agrippam
1131 2046 1450 2113 adloquitur,
1491 2044 1639 2096 cuius
1679 2061 1759 2097 re-

73 2121 174 2172 bus
215 2121 382 2190 gestis
420 2124 586 2190 negat
633 2139 688 2172 se
734 2122 901 2190 lyrico
950 2121 1183 2173 carmine
1231 2118 1540 2171 satisfacere
1585 2136 1759 2186 posse⁷
1784 2127 1826 2160 25

74 2195 302 2263 ideoque
341 2195 522 2262 potius
564 2213 595 2246 a
627 2193 795 2247 Uario
837 2213 926 2247 eas
968 2194 1130 2247 scribi
1171 2193 1376 2246 debere.
1438 2191 1542 2243 fuit
1581 2194 1760 2244 autem

73 2267 133 2319 L.
173 2267 371 2320 Uarius
427 2270 481 2320 et
535 2268 671 2336 epici
718 2269 969 2320 carminis
1018 2271 1071 2319 et
1116 2266 1518 2337 tragoediarum
1565 2268 1619 2317 et
1658 2266 1760 2317 ele-

74 2343 286 2412 giorum
332 2344 541 2410 auctor,
594 2341 823 2411 Uergilii
875 2342 1289 2395 contubernalis.
1405 2341 1439 2392 2
1478 2338 1761 2392 Maeonii

16 2460 50 2471 ,,
75 2415 377 2468 carminis
427 2416 598 2467 alite.
675 2419 736 2467 ut
783 2417 830 2467 si
869 2416 1068 2482 diceret
1107 2414 1434 2467 ‘Homericis
1477 2413 1756 2482 auspiciis’

77 2507 138 2541 ac
176 2508 272 2557 per
307 2489 411 2541 hoc
453 2489 770 2542 ‘Homerica
803 2491 1177 2542 sublimitate'.
1245 2491 1434 2540 notum
1466 2490 1550 2539 est
1582 2489 1761 2538 autem
1784 2497 1828 2529 30

75 2562 215 2614 inter
262 2563 541 2630 opiniones
551 2606 564 2631 ,
618 2582 752 2632 quae
803 2564 867 2615 de
912 2564 1183 2615 natalibus
1230 2561 1457 2614 Homeri
1502 2560 1760 2628 feruntur,

78 2635 242 2688 etiam
277 2636 416 2688 hanc
441 2655 571 2705 esse,
612 2638 768 2706 quasi
797 2637 1041 2690 Maeonis
1074 2637 1215 2689 filius
1247 2635 1424 2687 fuerit.
1509 2634 1542 2686 3
1579 2652 1762 2703 quam

196 2802 221 2839 3
253 2796 457 2852 Pytham
491 2797 554 2840 M
648 2802 675 2840 4
705 2796 1029 2853 ignorantem?
1132 2801 1183 2840 11
1217 2808 1405 2839 miseria
1436 2796 1509 2838 sit.
1543 2809 1586 2837 n.
1614 2794 1677 2837 M

79 2859 135 2898 14
164 2855 369 2899 uoluisse
401 2855 464 2898 M
580 2861 637 2900 20
668 2869 819 2913 magis
852 2857 916 2899 M
1040 2861 1095 2899 23
1128 2868 1365 2912 scripseris
1399 2890 1408 2898 .
1443 2886 1454 2896 .
1484 2867 1671 2897 maeom
1703 2852 1767 2896 M

195 2919 251 2958 26
284 2927 363 2958 eas
396 2914 574 2971 Pauly.-
606 2928 662 2958 ea
695 2915 757 2958 M
874 2920 931 2959 27
964 2914 1085 2972 epici
1115 2928 1198 2959 nos
1229 2918 1270 2957 et
1298 2913 1355 2956 L.
1391 2913 1566 2956 Micller
1596 2912 1787 2956 Ehem.-

80 2972 231 3017 Mus.:
261 2987 362 3029 1pse
396 2973 459 3016 M
575 2978 631 3018 28
662 2987 879 3019 maeaom
912 2974 976 3017 M
