1939 3197
157 86 261 137 168
741 83 990 128 EPODON
1025 87 1078 126 15
1112 84 1160 126 et
1192 88 1259 126 16.

308 222 376 273 12
422 240 569 275 nam
620 220 672 271 si
720 219 873 287 quid
920 219 984 270 in
1022 218 1259 270 Flacco
1308 218 1446 269 uiri
1494 221 1596 270 est
1640 216 1696 268 id
1742 220 1855 271 estt

157 296 204 348 si
243 295 369 364 quid
416 295 572 346 uirile
613 293 838 345 Flaccus
878 293 935 344 in
976 311 1031 344 se
1070 292 1250 344 habet.
1407 293 1473 345 13
1513 310 1643 344 non
1679 291 1857 344 feret*

158 370 465 422 adsiduas
513 368 762 436 potiori
810 370 869 418 te
923 366 1073 418 dare
1112 369 1353 419 noctes,
1451 365 1700 434 potiori
1738 384 1856 418 non
1929 362 1939 424 Ξ

137 463 221 496 ’οΧ
261 462 358 495 sua
397 460 628 511 persona
652 441 878 493 Flaccus
920 441 1054 492 dixit
1079 437 1273 511 (neque
1315 440 1456 492 enim
1485 441 1711 493 riualem
1745 440 1850 492 sibi
1922 446 1939 504 Ῑὲ

113 533 133 565 5
160 537 314 569 suum
353 514 614 586 praefert)
657 515 748 566 sed
788 514 878 583 qui
919 515 1060 583 apud
1099 518 1152 566 te
1192 514 1372 582 potior
1413 517 1508 566 est.
1627 513 1694 566 15
1732 532 1850 566 nec

160 591 353 644 semel
403 590 699 643 offensae
749 589 933 641 cedet
987 588 1368 641 constantia
1422 588 1688 641 formae:
1746 606 1851 657 qua

159 665 324 718 semel
377 665 584 717 offensa
631 666 725 716 est.
825 663 877 714 id
935 665 1039 714 est:
1094 681 1192 715 nec
1246 663 1491 714 uincetur
1547 663 1853 715 constantia
1935 661 1939 724 ζ

157 758 278 791 mea
319 758 350 790 a
388 742 484 791 tua
522 739 720 805 forma,
770 737 1054 806 quominus
1094 737 1244 789 illam
1285 739 1631 805 contempnat
1671 754 1732 788 ac
1771 754 1856 788 re·
1932 767 1939 805 i

156 814 383 882 linquat7
421 815 469 866 si
506 812 933 881 indignationem
974 815 1175 863 certam
1215 829 1526 878 concepero,
1682 812 1746 863 17
1790 814 1854 863 et
1932 804 1939 867 ‘3

94 904 135 935 10
159 891 226 941 tu
275 888 659 957 quicumque
708 905 769 938 es
818 886 1096 938 felicior.
1197 886 1263 937 ad
1303 887 1527 937 riualem
1564 884 1668 937 hoc
1709 885 1858 936 dicit.

313 963 378 1014 17
420 966 611 1030 atque
651 979 784 1013 meo
824 979 990 1012 nunc
1031 960 1347 1028 superbus
1387 959 1634 1011 incedis
1682 960 1855 1011 malo

65 1043 73 1053 '
158 1037 213 1089 id
247 1039 351 1088 est:
392 1036 493 1088 tibi
532 1037 751 1103 placens
794 1053 854 1087 ac
896 1035 1177 1104 gloriosus
1281 1035 1346 1086 19
1390 1034 1477 1086 sis
1517 1051 1751 1102 pecore
1792 1036 1855 1085 et
1936 1043 1939 1049 ’

158 1111 365 1163 multa
413 1110 593 1161 diues
641 1111 881 1161 tellure
929 1109 1175 1160 licebit.
1275 1108 1437 1159 etiam
1486 1108 1687 1159 diuitiis
1726 1107 1855 1159 felix

162 1186 233 1237 sis
273 1186 489 1253 praeter
529 1202 708 1236 amore
748 1182 1004 1235 Neaerae.
1142 1182 1213 1234 20
1252 1182 1503 1251 tibique
1541 1181 1857 1234 Pactolus

95 1275 136 1306 15
160 1259 336 1311 fluat
389 1259 442 1310 id
498 1261 602 1310 est:
661 1257 899 1310 abundes
959 1275 1113 1325 auro,
1169 1257 1294 1324 quia
1347 1255 1601 1309 Pactolus
1659 1256 1854 1307 fluuius
1935 1267 1939 1269 “

162 1352 351 1386 aurum
375 1333 513 1385 ferre
539 1333 746 1384 dicitur.
831 1332 899 1383 21
934 1349 1048 1383 nec
1079 1334 1140 1382 te
1171 1329 1584 1400 Pythagorae
1616 1330 1858 1382 fallant

163 1426 402 1459 arcana
448 1407 664 1458 renati
717 1407 770 1458 id
822 1408 926 1457 est:
977 1406 1102 1457 licet
1143 1405 1484 1457 doctissimus
1526 1405 1614 1456 818.
1691 1422 1855 1473 quare
1927 1394 1937 1466 J

162 1485 343 1534 autem
381 1485 602 1533 renatus
642 1480 955 1550 Pythagora
995 1480 1215 1547 dicatur,
1255 1482 1446 1531 notum
1487 1482 1570 1531 est
1608 1481 1662 1530 et
1694 1497 1856 1546 supra

164 1556 410 1607 diximus,
512 1556 582 1607 22
622 1556 957 1624 formaque
997 1554 1224 1606 uineas
1263 1552 1476 1605 Nirea.
1545 1552 1688 1605 hunc
1728 1571 1857 1621 quo-

96 1646 140 1677 20
167 1648 267 1699 que
309 1648 471 1698 supra
508 1629 813 1681 rettulimus
854 1603 1303 1681 10111108188111111111
1343 1628 1409 1679 ab
1434 1626 1671 1680 Homero
1704 1645 1855 1695 prae-

165 1704 333 1756 dicari
355 1704 459 1756 hoc
499 1722 684 1755 uersu:
726 1698 939 1770 Νιρεὺς
980 1696 1041 1763 ὃς
1064 1698 1356 1763 κάλλιστος
1381 1697 1527 1771 ἀνὴρ
1554 1696 1659 1753 ὑπὸ
1678 1697 1862 1753 Ἴλιον

163 1769 356 1846 ἦλθεν.
433 1778 504 1830 23
528 1777 650 1830 11011
674 1778 1040 1829 translatos
1075 1776 1206 1828 alio
1240 1776 1560 1828 maerebis
1595 1793 1859 1828 amores
1930 1778 1933 1779 ⁷

163 1852 481 1922 ingemescit
520 1852 629 1903 iam
667 1852 840 1903 uicem
879 1850 1024 1902 illius
1066 1850 1157 1918 qui
1195 1850 1423 1919 relinqui
1463 1849 1738 1902 maerebit.

165 1927 237 1979 24
286 1929 388 1978 ast
436 1943 551 1995 ego
599 1925 895 1977 uicissim
944 1925 1176 1977 risero.
1275 1926 1481 1977 risero
1533 1924 1691 1977 modo
1734 1942 1860 1976 con-

97 2017 141 2048 25
166 2001 408 2052 iunctiuo
458 2000 652 2052 dicitur
701 2002 944 2069 tempore
984 1999 1191 2067 futuro⁷
1231 2002 1293 2051 ut
1332 2002 1414 2051 est
1452 1999 1585 2050 illud
1625 1998 1859 2050 Teren-

164 2075 413 2127 tianum
451 2073 656 2127 Uxori
695 2074 821 2126 tibi
862 2092 1021 2142 opus
1063 2091 1202 2125 0880
1244 2073 1479 2126 dixero.

686 2233 938 2278 EPODON
973 2233 1228 2278 CARMEN
1263 2240 1329 2278 16.

320 2323 551 2376 Altera
598 2325 724 2376 iam
769 2325 1012 2377 teritur
1060 2325 1260 2377 bellis
1309 2325 1616 2377 ciuilibus
1664 2325 1862 2375 aetas,

169 2398 409 2466 queritur
455 2399 512 2449 in
557 2398 659 2450 hac
709 2399 917 2467 ecloga7
973 2399 1114 2466 quod
1169 2399 1324 2450 bellis
1379 2398 1625 2450 ciuilibus
1679 2397 1861 2447 nullus
1931 2386 1937 2399 ⁵

287 2533 342 2572 25
374 2528 558 2574 Phorm.
592 2534 634 2585 4,
668 2534 708 2583 3,
743 2534 797 2573 76

1928 2549 1939 2634 ἐ

289 2653 314 2691 6
348 2646 525 2691 offensa
559 2647 621 2689 M
763 2652 788 2691 8
823 2648 1170 2703 quommaisilla
1203 2648 1266 2690 M
1415 2653 1439 2691 9
1472 2647 1665 2701 fortasse
1695 2659 1789 2689 ‘non
1821 2645 1860 2689 si
1921 2640 1939 2713 ἶ,

169 2707 428 2750 addendum
457 2707 566 2761 fuit,
599 2707 675 2750 secl
705 2707 819 2750 noui
849 2708 1009 2750 scholii
1041 2708 1221 2754 lemma:
1254 2706 1293 2750 si
1326 2707 1478 2750 certus
1509 2704 1699 2749 intrarit
1729 2705 1861 2748 dolor

291 2771 343 2808 11
378 2765 588 2822 superbis
622 2766 686 2808 M
813 2770 866 2808 12
899 2780 1083 2822 peciore
1118 2767 1180 2809 M
1308 2770 1360 2808 13
1395 2765 1572 2808 diutius
1607 2764 1670 2807 M
1805 2768 1861 2806 14

169 2837 376 2868 amorem
409 2840 437 2880 ς
557 2824 775 2881 pactulus
809 2825 873 2867 M
993 2831 1045 2868 16
1077 2826 1324 2881 pithagore
1360 2859 1368 2867 .
1404 2858 1413 2867 .
1446 2825 1651 2867 archana
1683 2823 1747 2865 M

172 2888 226 2925 19
251 2897 393 2927 nerea
425 2884 489 2927 M
606 2889 661 2927 21
697 2884 920 2927 ΝΗ·ΡΕΙ(
952 2888 992 2927 et
1026 2881 1356 2933 ΙὸΙΟΝΝΛΘΕΝ
1392 2883 1455 2926 Μ
1573 2887 1628 2925 22
1659 2881 1861 2924 merebls

170 2941 235 2983 M
353 2948 407 2986 23
440 2943 670 2987 maerebit
708 2955 811 2986 nos:
852 2944 1021 2986 meruit
1055 2943 1117 2985 M
1251 2948 1306 2987 26
1346 2955 1487 2986 uxore
1522 2977 1530 2986 .
1568 2976 1576 2984 .
1609 2941 1679 2983 est
1712 2940 1774 2982 M

168 3005 226 3044 29
261 3001 432 3058 egloga
465 3002 529 3045 M
1790 3004 1793 3007 “

1886 2836 1939 3197 5
