1939 3197
307 644 965 708 EPISTULARUM
1021 642 1293 701 LIBER
1346 641 1695 701 PRIMUS.

304 854 519 906 Prima
567 853 737 905 dicte
785 851 941 903 mihi
993 867 1232 901 summa
1272 848 1538 901 dicende
1579 867 1854 905 camena.
1931 855 1938 860 ’

154 928 334 980 Flacci
398 928 751 996 epistularum
804 925 929 977 libri
983 924 1141 975 titulo
1197 926 1412 975 tantum
1475 923 1758 976 dissimiles
1822 945 1855 978 a

160 1021 468 1055 sermonum
509 1005 649 1053 sunt.
712 1019 840 1052 nam
881 1002 934 1051 et
972 1001 1204 1050 metrum
1237 1000 1291 1049 et
1314 997 1538 1049 materia
1562 999 1851 1052 uerborum

111 1096 132 1128 5
159 1079 213 1129 et
261 1075 558 1129 communis
607 1074 911 1141 adsumptio
962 1072 1147 1124 eadem
1195 1074 1290 1123 est.
1377 1090 1510 1139 quos
1552 1073 1728 1140 operis
1770 1075 1853 1126 sui

155 1151 375 1203 ultimos
416 1168 530 1202 esse
572 1149 685 1217 ipse
725 1150 958 1200 testatur
996 1146 1322 1212 Maecenati,
1374 1163 1494 1197 cum
1534 1145 1662 1199 dicit
1700 1146 1853 1201 finire

157 1243 212 1277 se
253 1243 472 1293 operam
511 1224 649 1275 uelle
698 1225 752 1274 613
798 1220 1174 1291 philosophiae
1222 1220 1382 1272 malle
1429 1220 1705 1274 inseruire.
1819 1223 1857 1275 4

154 1298 469 1351 Ueianius
533 1297 741 1349 armis.
839 1294 1102 1348 Ueianius
1156 1294 1355 1346 nobilis
1412 1294 1679 1363 gladiator
1732 1300 1857 1365 post

157 1374 356 1425 multas
395 1373 604 1442 palmas
646 1371 974 1424 consecratis
998 1368 1220 1421 Herculi
1243 1367 1508 1421 Fundano
1550 1371 1712 1423 armis
1747 1372 1856 1424 suis

89 1467 133 1498 10
157 1449 214 1500 in
261 1448 495 1518 agellum
544 1465 599 1498 se
647 1445 890 1498 contulit.
976 1444 1125 1496 cuius
1173 1444 1414 1512 exemplo
1456 1444 1584 1496 dicit
1624 1447 1856 1498 aetatem

161 1541 313 1574 suam
355 1525 408 1574 et
445 1521 786 1590 propositum
824 1518 1090 1588 inpedire,
1128 1536 1196 1569 116
1236 1518 1294 1569 111
1334 1518 1628 1571 scribendis
1669 1521 1856 1572 carmi-

159 1596 320 1648 nibus
376 1598 699 1664 perseueret.
843 1595 911 1647 10
967 1596 1028 1644 et
1090 1595 1304 1644 cetera
1365 1593 1615 1645 ludicra
1675 1612 1858 1663 pono,

161 1671 238 1722 ait
277 1689 332 1723 56
374 1670 631 1738 depositis
670 1669 881 1722 leuibus
922 1667 1177 1719 fomentis
1220 1667 1385 1718 animi
1423 1667 1478 1718 id
1519 1670 1600 1720 651
1630 1669 1761 1721 10615
1795 1687 1857 1721 66

161 1745 407 1797 uersibus
455 1744 718 1796 transisse
768 1743 835 1794 ad
883 1742 1120 1794 studium
1167 1741 1543 1809 philosophiae
1600 1746 1653 1795 et
1705 1761 1856 1812 prae-

95 1837 136 1870 15
166 1822 321 1888 cepta
362 1819 540 1870 animo
583 1817 907 1885 sapientium
947 1815 1192 1882 condere,
1231 1833 1367 1883 quae
1399 1819 1590 1883 postea
1615 1818 1673 1869 in
1700 1836 1858 1869 usum

160 1896 337 1946 rectae
377 1893 521 1944 uitae
562 1891 802 1961 proferre
841 1891 1025 1960 possit.
1141 1890 1206 1941 13
1249 1908 1370 1958 quo
1411 1907 1503 1942 me
1543 1890 1697 1943 duce
1739 1910 1859 1959 quo

161 1968 295 2019 lare
335 1970 521 2019 tuter.
598 1966 735 2018 nulli
775 1984 829 2018 se
871 1968 1046 2017 sectae
1088 1964 1359 2016 addictum
1396 1964 1487 2032 ait,
1529 1965 1621 2017 sed
1653 1983 1717 2018 ex
1750 1984 1859 2018 om-

162 2042 323 2094 nibus
364 2040 623 2110 quidquid
664 2040 930 2109 optimum
978 2039 1048 2091 sit
1088 2039 1381 2091 electurum
1421 2056 1537 2091 esse
1576 2039 1863 2108 promittit.

319 2116 386 2167 16
427 2118 488 2167 61
526 2133 774 2167 mersor
813 2114 1122 2167 ciuilibus
1163 2114 1364 2166 undis.
1441 2114 1584 2165 inter
1623 2113 1860 2167 Stoicam

96 2214 140 2245 20
166 2193 219 2242 61
257 2189 580 2258 Epicuream
619 2189 809 2241 iactari
848 2207 903 2241 56
944 2189 1021 2241 611
1060 2191 1113 2240 61
1150 2188 1269 2240 ideo
1320 2205 1374 2240 se
1414 2188 1573 2240 undis
1613 2188 1862 2241 ciuilibus

166 2264 340 2332 mergi
380 2264 527 2331 dixit,
569 2264 693 2332 quia
735 2262 901 2315 Stoici
941 2262 1466 2315 administrationem
1506 2263 1584 2314 rei
1615 2263 1861 2331 publicae

165 2337 423 2406 probant,
468 2337 723 2406 Epicurei
761 2338 1122 2407 uoluptatem,
1169 2337 1310 2389 unde
1357 2337 1545 2388 furtim
1596 2336 1764 2389 relabi
1805 2354 1861 2388 56

168 2412 236 2464 ad
277 2429 395 2463 eam
436 2411 526 2464 ait.
637 2413 703 2464 17
745 2411 1125 2480 rigidusque
1168 2410 1449 2464 satelles.
1527 2411 1663 2462 bene
1703 2411 1862 2479 rigi·

167 2485 281 2537 dus
331 2485 624 2537 secundum
673 2485 903 2538 Stoicen.
1061 2486 1126 2538 18
1182 2503 1347 2537 1111116
1401 2486 1467 2537 111
1514 2484 1864 2553 Aristippi,

101 2581 144 2614 25
171 2559 296 2628 quia
327 2557 639 2627 Aristippus
677 2559 975 2628 Epicureae
1015 2559 1279 2628 princeps,
1394 2561 1466 2612 20
1505 2577 1629 2611 nox
1666 2559 1864 2627 longa

170 2633 401 2701 quibus
452 2634 766 2685 mentitur
821 2634 1047 2685 amica:
1099 2634 1237 2686 sieut
1282 2635 1447 2703 longa
1492 2651 1601 2685 nox
1648 2634 1731 2685 651
1775 2631 1862 2685 1115

292 2799 314 2836 1
355 2771 521 2837 mdsp
553 2792 988 2837 EPISTULARUN
1030 2772 1129 2837 LTB
1165 2795 1209 2837 ·1-
1245 2795 1308 2838 M
1409 2800 1433 2838 2
1467 2794 1652 2838 dmemh
1685 2793 1748 2835 M

170 2856 195 2895 3
227 2852 354 2896 hbru
387 2853 451 2895 M
589 2857 617 2895 4
647 2853 846 2896 materia
885 2855 933 2897 et
963 2853 1211 2897 uerborum
1244 2854 1501 2898 communis
1535 2853 1692 2909 Pauly
1834 2855 1862 2895 8
1938 2863 1939 2866 ’

169 2924 364 2955 1161611115
398 2911 462 2954 Μ
490 2912 560 2956 bis
683 2916 736 2955 15
770 2911 1053 2968 sapientium
1085 2912 1242 2957 animo
1273 2913 1488 2957 Hauthal
1607 2916 1663 2955 23
1694 2910 1784 2955 seh.
1815 2924 1862 2953 u.

169 2974 231 3014 17
254 2974 363 3025 post
392 2971 481 3014 sch.
514 2985 559 3014 u.
593 2976 655 3016 18
686 2974 750 3016 est
780 2971 833 3014 in
866 2971 929 3015 M
1040 2976 1096 3015 25
1129 2984 1400 3028 epicuraeae
1434 2972 1498 3015 M
1599 2971 1741 3028 longa
1772 2983 1865 3013 nox

172 3029 237 3071 M
355 3034 410 3074 26
443 3030 624 3085 quibeis
658 3031 721 3074 M
