1939 3197
538 70 837 116 EPISTULA
868 71 901 125 I,
938 75 1007 127 15,
1043 75 1228 126 18—1c‚
1266 76 1302 115 1.
1656 71 1764 124 {285

79 209 244 261 nihil
285 224 493 260 moror
530 206 713 258 illius
755 224 923 258 orae:
963 224 1075 258 non
1108 206 1305 274 patior.
1444 206 1536 271 [18
1578 223 1765 275 gene-

80 301 293 334 rosum
333 284 393 333 et
431 282 572 332 lene
613 280 908 348 requiro]
1025 281 1092 331 21
1136 279 1301 347 quod
1340 297 1432 332 me
1472 278 1765 332 Lucanae

82 357 205 408 iuu.
283 356 423 407 inter
463 354 644 407 omnia
684 372 818 421 quae
860 371 923 404 ex
963 354 1087 405 uino
1130 353 1393 421 accidunt,
1434 353 1595 405 etiam
1634 354 1767 406 illud

81 433 163 481 est
201 430 517 495 maximum,
566 427 708 496 quod
754 428 894 480 uires
943 430 1182 496 praestat
1227 428 1286 478 in
1323 445 1588 480 uenerem.
1665 427 1767 480 hoc

81 505 163 554 est
214 521 341 573 ergo
392 502 534 571 quod
585 502 770 567 [uires]
828 501 982 569 dixit,
1038 501 1202 569 quod
1256 501 1549 554 iuuenem
1605 517 1811 554 com-5

80 576 335 628 mendet
382 576 622 628 amicae
670 575 723 626 id
772 578 853 626 est
898 575 1094 628 fortem
1143 577 1197 626 et
1243 575 1527 628 amabilem
1568 576 1767 628 amicae

83 650 270 702 reddat
308 653 368 702 ut
406 650 670 702 iuuenem.
804 649 875 701 24
929 649 1207 701 Phaeax:
1253 650 1472 719 pinguis
1521 653 1574 701 et
1619 650 1769 702 uolu-

85 725 292 792 ptarius
316 727 376 775 ut
409 724 536 775 alibi
577 724 653 774 ait
690 721 1062 775 Nebulones
1103 722 1487 792 Alcinoique
1525 724 1589 775 in
1630 726 1769 775 cute

83 798 365 850 curanda
412 798 556 866 plus
609 814 823 864 aequo.
868 802 914 865 p.
959 806 994 847 i.
1085 796 1226 848 hanc
1273 797 1416 848 enim
1465 797 1771 866 opinionem

76 871 146 922 -de
185 872 268 923 his
307 871 621 923 Homerus
669 870 726 921 in
775 869 1006 938 Odyssia
1052 871 1224 922 tradit.
1362 871 1432 924 26
1480 870 1769 922 Maenius
1797 887 1837 918 10

26 992 29 993 γ
81 948 148 996 ut
194 945 384 997 rebus
434 943 744 996 maternis
794 946 905 1010 [m.]
1006 944 1093 996 1110
1131 944 1377 996 Maenius
1426 947 1479 997 et
1527 944 1656 996 alibi
1703 945 1770 995 ab

80 1019 309 1072 Horatio
357 1019 694 1086 conpellatur
740 1020 800 1069 ut
847 1036 1030 1070 scurra
1068 1018 1361 1071 Maenius
1403 1021 1479 1085 [et
1518 1019 1770 1087 satyrice]

0 1137 2 1139 .
83 1093 413 1145 absentem
451 1090 727 1144 Nouium
768 1110 903 1144 cum
936 1095 1241 1161 carperet.
1341 1093 1410 1146 28
1444 1110 1771 1161 praesepe.

82 1168 412 1228 ταπείνωσις
460 1170 513 1218 et
561 1166 790 1234 satyrice
838 1185 934 1234 pro
984 1184 1184 1218 mensa.
1278 1167 1351 1218 810
1398 1166 1667 1219 Plautus
1714 1167 1772 1218 in

82 1239 485 1294 Curculione.
623 1241 692 1291 29
740 1240 1087 1308 inpransus
1134 1258 1274 1293 non.
1359 1241 1528 1294 iratus
1571 1241 1772 1293 scilicet
1798 1262 1839 1294 15

77 1315 151 1366 ‘ob
191 1314 294 1367 hoc
331 1315 523 1383 ipsum.
629 1314 701 1365 34
742 1315 960 1366 omasi:
1001 1314 1221 1366 uisceris
1251 1314 1453 1367 bubuli.
1556 1315 1627 1367 36
1666 1333 1772 1366 ne-

85 1391 328 1457 potum:
367 1406 600 1457 nequam
641 1390 693 1439 et
731 1388 1141 1440 luxuriosorum.
1271 1389 1340 1440 39
1381 1392 1671 1442 uerterat
1709 1389 1774 1441 in

84 1462 323 1514 fumum
372 1466 434 1514 et
482 1462 779 1514 cinerem:
830 1462 1133 1514 comederat
1180 1465 1339 1532 atque
1389 1463 1773 1532 absumpserat.

143 1538 146 1540 ’
234 1537 305 1588 46
345 1536 641 1604 pecunia:
683 1553 767 1587 res
806 1536 1099 1589 familiaris.

687 1695 986 1740 EPISTULA
1021 1702 1058 1752 1,
1095 1702 1161 1741 16.
1799 1735 1843 1767 20

232 1785 322 1839 Ne
361 1786 768 1855 perconteris
808 1787 1043 1840 fundus
1084 1807 1271 1841 meus.
1326 1789 1379 1840 id
1408 1793 1505 1842 est:
1545 1807 1613 1841 ne
1637 1788 1776 1840 forte

87 1861 446 1930 perconteriS,
493 1862 581 1913 uel
625 1861 967 1930 προτατικῶς
1012 1863 1417 1931 pronuntiatur,
1469 1866 1531 1915 ut
1577 1863 1669 1915 sit:
1709 1880 1777 1914 ne

92 1935 446 2004 perconteriS‚
503 1934 764 1986 scribetur
811 1936 911 1987 tibi
955 1936 1132 1989 forma
1186 1937 1481 2005 loquaciter
1535 1940 1588 1988 et
1643 1937 1776 1988 situs

84 2009 221 2078 agri.
300 2008 485 2060 scribit
525 2011 703 2060 autem
744 2008 965 2071 Quintio
1006 2010 1068 2061 de
1103 2010 1520 2078 aequanimitate
1553 2027 1614 2062 ac
1644 2012 1777 2062 tem-

91 2082 338 2151 perantia
369 2100 481 2151 sua,
521 2100 626 2150 qua
659 2100 713 2134 se
738 2102 914 2153 „paruo
948 2086 1261 2136 contentum
1294 2102 1408 2136 esse
1442 2083 1776 2137 demonstrat
1802 2104 1844 2137 25

208 2249 233 2289 s
266 2244 317 2288 E.
356 2250 394 2300 1,
428 2248 469 2298 2,
502 2248 557 2287 29
692 2248 746 2287 10
780 2243 896 2299 Ody.
931 2249 971 2299 8,
1005 2249 1089 2288 248
1222 2249 1274 2288 12
1309 2244 1353 2288 S.
1390 2251 1429 2301 1,
1463 2250 1503 2301 3,
1536 2250 1590 2288 21
1723 2251 1777 2288 15

92 2303 220 2347 Cure.
255 2308 296 2359 2,
332 2308 370 2358 1,
405 2308 457 2346 13

210 2456 235 2493 3
269 2451 397 2494 1ll1us
434 2451 494 2493 M
636 2457 660 2495 6
696 2476 704 2483 ·
731 2451 779 2493 id
807 2476 814 2484 ·
838 2451 1004 2496 fortem
1040 2451 1102 2494 M
1242 2457 1265 2495 7
1298 2451 1375 2497 fex
1409 2453 1470 2496 M
1611 2458 1644 2497 -8
1676 2454 1746 2497 ait
1772 2477 1780 2485 ·

89 2509 357 2553 Utebulotls
392 2510 453 2552 M
578 2515 604 2554 9
638 2523 795 2554 curam
828 2511 888 2554 da
922 2511 984 2553 M
1134 2516 1185 2554 11
1220 2511 1355 2555 alibi:
1389 2512 1497 2556 abia
1530 2513 1593 2556 M
1727 2517 1779 2555 12

95 2582 272 2612 scurra:
317 2581 514 2612 Sicuram
547 2569 610 2611 M
759 2574 812 2613 13
853 2583 1042 2626 caperes
1076 2571 1139 2613 M
1287 2575 1343 2614 14
1373 2567 1712 2618 ΤὸΠΙΝωΕΙΕ·
1745 2571 1783 2614 &

91 2629 320 2671 saturicae
355 2628 418 2670 M
539 2633 592 2671 17
625 2631 781 2672 uertat
814 2629 876 2672 JVI
996 2635 1049 2674 18
1082 2633 1285 2676 comerat
1317 2631 1380 2673 M

0 2744 2 2746 Ι
209 2687 554 2731 commentarius
587 2688 648 2731 ad
678 2688 897 2743 epistulas
929 2688 965 2731 I
970 2722 983 2741 ,
1023 2693 1210 2734 16—20
1250 2693 1289 2733 et
1323 2690 1404 2743 II,
1436 2693 1462 2732 1
1496 2693 1536 2732 et
1566 2693 1599 2734 2
1630 2690 1682 2732 in
1714 2702 1781 2733 co-

17 2779 20 2781 »
89 2746 189 2790 dice
222 2745 496 2789 DIonacensi
523 2747 902 2803 neyleyentissime
932 2748 1130 2804 scriptas
1161 2752 1236 2793 est.
1285 2762 1425 2805 quare
1457 2748 1572 2792 artis
1587 2749 1780 2792 criticae

5 2859 7 2862 Α
89 2805 269 2849 ratioque
299 2808 478 2849 mutata
507 2818 602 2849 ‘non
632 2820 685 2850 ea
714 2810 909 2860 tantum,
940 2821 1055 2863 quae
1075 2808 1191 2851 ‘mihi
1212 2809 1343 2852 uisus
1365 2821 1489 2852 eram
1512 2808 1779 2860 emendasse,

10 2891 21 2896 -
90 2864 168 2908 sed
198 2864 333 2908 etaiam
364 2877 432 2917 ea,
463 2878 577 2920 quae
608 2865 844 2910 coniecisse
867 2867 1185 2923 probabiliter,
1216 2868 1375 2923 recepi.
1521 2871 1575 2910 22
1609 2882 1781 2923 προτα-

0 2931 20 2977 ςΤ
81 2922 231 2974 τικῶς
261 2936 366 3026 ἠἷοήψ
397 2916 832 2972 ΠΡΟΕΤὰΚΤΙΚωΕ
866 2925 928 2968 Μ
1068 2930 1121 2970 23
1153 2926 1325 2971 forma:
1356 2926 1482 2970 fama
1514 2925 1579 2970 M
1724 2931 1781 2970 ‘25

0 2987 22 3023 ἱΔ
91 2995 164 3026 se:
195 2996 245 3026 re
