1939 3197
598 102 801 146 SERMO
836 103 892 158 Π,
926 107 966 158 5,
1000 107 1159 147 8—98.
1605 101 1715 154 263

30 242 212 310 moriS,
250 259 316 292 ne
356 241 664 308 praesentes
698 238 1053 307 suggillarent
1081 240 1174 290 aut
1199 237 1395 289 saeculi
1420 239 1715 306 praesentis

28 317 329 368 lacerarent
389 330 579 364 mores
717 313 748 364 8
797 315 858 363 et
905 329 1102 381 genus
1150 314 1210 362 et
1257 311 1480 363 uirtus,
1566 311 1715 362 dicit:

32 389 249 441 tametsi
289 387 378 455 qui
419 387 489 438 sit
528 403 817 455 generosus
855 389 907 437 et
937 386 1109 453 fortis,
1147 388 1346 453 tamen,
1385 385 1431 436 si
1461 403 1574 437 rem
1605 403 1718 436 non

29 463 218 530 habet,
271 461 430 513 uilior
481 463 563 511 est
617 460 755 528 alga.
910 460 974 510 11
1030 460 1164 510 siue
1220 457 1395 510 aliud
1450 458 1716 526 priuum.

31 537 305 605 priuum:
346 534 634 602 priuatum.
729 533 796 585 14
837 536 981 584 ante
1021 532 1243 584 Larem
1283 535 1515 602 gustet.
1569 532 1762 600 prius5

32 610 190 662 diuiti
244 626 404 677 quam
458 606 583 659 Lari
635 625 806 675 ponas
855 606 1136 675 primitias.
1221 606 1551 658 consuetudo
1602 605 1718 673 fuit,

31 687 96 736 ut
126 701 302 735 rerum
326 681 591 751 primitias
616 680 842 732 Laribus
874 683 1151 748 ponerent.
1248 679 1314 731 15
1355 680 1490 731 sine
1529 681 1719 748 gente

32 760 354 810 cruentus.
434 755 568 806 sine
609 757 822 823 gente:
863 754 1115 822 ignobilis
1157 756 1249 805 aut
1287 753 1617 822 peregrinus,

37 832 108 883 22
150 830 416 882 diuitias
458 829 754 896 aerisque
794 846 982 879 ruam.
1066 845 1264 878 ruam:
1317 845 1513 878 eruam.
1650 826 1720 877 36

33 906 470 972 contemptum
522 920 751 969 quassa
805 918 977 953 nuce.
1068 900 1170 953 hoc
1222 919 1284 952 ex
1324 899 1721 952 consuetudine.
1750 918 1791 949 10

34 978 124 1030 ‘ne
159 979 276 1047 quis
300 976 400 1028 tibi
432 976 714 1027 minimum
744 974 870 1043 quid
905 974 1114 1026 auferat
1146 978 1240 1026 aut
1262 977 1315 1025 te
1342 972 1722 1041 contempnat.²

185 1052 254 1103 39
308 1049 615 1103 Canicula
659 1049 883 1100 findet.
972 1067 1069 1117 pro
1120 1049 1230 1100 sole
1280 1047 1502 1099 ardenti.
1653 1048 1725 1099 40

35 1125 318 1179 infantis
361 1126 626 1175 statuas,
704 1141 837 1191 quae
877 1122 981 1174 fari
1018 1140 1128 1174 non
1165 1122 1391 1189 possint.
1497 1122 1566 1173 41
1608 1119 1725 1173 Fu-

36 1200 172 1252 rius
211 1199 515 1250 hibernas
556 1215 711 1249 cana
750 1197 913 1248 niue.
989 1196 1076 1248 hic
1113 1214 1301 1248 uersus
1340 1195 1493 1247 Furi
1532 1194 1726 1246 Biba-

37 1274 169 1326 culi
209 1275 303 1324 est.
380 1272 469 1323 ille
511 1271 653 1323 enim
694 1289 815 1322 cum
854 1270 1017 1321 uellet
1054 1269 1221 1338 Alpes
1270 1269 1486 1321 niuibus
1539 1269 1726 1337 plenas
1753 1286 1795 1318 15

37 1347 354 1414 describere,
393 1346 468 1397 ait
506 1344 804 1413 Iuppiter
841 1344 1147 1395 hibernas
1188 1361 1346 1395 cana
1383 1343 1531 1394 niue
1580 1360 1728 1394 con-

38 1421 216 1489 spuit
254 1420 465 1488 Alpes.
543 1436 669 1488 ergo
708 1417 973 1470 tumidum
1013 1420 1095 1469 est
1135 1420 1188 1469 et
1226 1414 1542 1484 κακόζηλον.
1658 1416 1727 1468 53

38 1495 192 1564 quid
230 1494 434 1562 prima
474 1492 765 1545 secundo,
864 1492 999 1543 bene
1048 1491 1153 1543 hoc
1193 1494 1246 1543 et
1285 1491 1434 1542 iuxta
1475 1489 1730 1556 ordinem,

38 1570 168 1638 quia
205 1569 353 1637 prius
392 1567 667 1619 testatoris
707 1583 928 1630 nomen,
977 1565 1268 1617 secundum
1318 1564 1544 1616 heredis.
1660 1563 1730 1615 55

40 1644 411 1712 plerumque
481 1642 789 1693 recoctus
894 1642 1211 1691 recoctus:
1280 1639 1476 1690 iterum
1545 1637 1719 1689 scriba
1744 1657 1786 1687 20

41 1717 232 1769 factus
363 1715 433 1767 56
476 1732 732 1767 coruum
773 1713 1034 1765 deludet
1070 1713 1358 1764 hiantem
1396 1714 1731 1780 captator-

42 1809 160 1859 que
201 1789 391 1842 dabit.
467 1789 570 1841 hoc
610 1787 895 1857 allegorice
934 1787 1116 1854 posuit
1149 1805 1213 1838 ex
1241 1786 1429 1838 fabula
1468 1785 1732 1853 Aesopi,

40 1865 101 1916 in
139 1883 245 1933 qua
285 1863 543 1932 scriptum
582 1864 677 1930 est,
716 1865 777 1914 ut
815 1861 994 1928 uulpis
1035 1879 1256 1913 coruum
1294 1860 1562 1927 inluserit,
1612 1876 1734 1911 cum

43 1957 166 1990 eum
204 1938 429 1990 uidisset
468 1954 682 1988 caseum
721 1935 1003 2003 ferentem,
1055 1935 1237 1986 dicens
1278 1952 1332 1985 se
1373 1951 1488 1986 esse
1529 1933 1596 1984 ab
1638 1932 1732 1984 illo

44 2012 264 2064 meliore
311 2028 443 2063 uoce
491 2013 545 2061 et
590 2027 916 2077 prouocanS,
962 2010 1024 2060 ut
1071 2009 1340 2060 clamaret.
1428 2006 1570 2076 quod
1610 2024 1731 2058 cum
1756 2025 1801 2058 25

44 2086 221 2137 facere
274 2084 558 2152 uoluisset,
613 2101 826 2135 caseum
883 2081 1095 2133 demisit
1149 2099 1210 2133 ac
1264 2080 1510 2149 perdidit.
1665 2079 1734 2131 82

46 2159 298 2229 partita
334 2158 652 2210 lucellum.
728 2151 1164 2224 ὑποκοριστικῶς
1200 2155 1422 2206 lucrum.
1559 2153 1628 2206 83
1668 2156 1737 2205 ut

47 2233 227 2285 canis
283 2251 314 2284 a
369 2231 543 2284 corio
598 2248 937 2298 numquam
992 2228 1476 2281 absterrebitur
1530 2229 1738 2279 uncto.

48 2306 474 2376 prouerbialiter.
575 2304 886 2372 enumquam
941 2303 1110 2355 deerit
1161 2303 1265 2355 hoc
1315 2300 1524 2354 facere.'
1665 2300 1736 2352 92

46 2383 181 2433 stes
238 2380 452 2449 capite
509 2378 792 2446 obstipo:
847 2377 990 2429 tristi
1046 2395 1106 2429 ac
1158 2394 1358 2429 seuero.
1459 2374 1738 2428 Scaurus
1764 2394 1808 2426 30

52 2453 354 2506 einclinato'
395 2453 538 2505 dicit.
666 2452 737 2504 95
778 2469 990 2503 aurem
1039 2450 1416 2519 substringe
1455 2448 1738 2517 loquaci:

48 2529 262 2597 loquaci
331 2545 514 2579 aurem
575 2525 818 2594 intende,
880 2543 1000 2577 cum
1060 2525 1313 2593 loquitur.
1476 2523 1545 2575 98
1613 2540 1740 2574 ser-

172 2663 226 2702 22
260 2658 455 2702 Babrius
489 2662 542 2702 77

175 2782 196 2820 1
231 2777 313 2819 aut
346 2810 354 2819 .
391 2811 399 2820 .
431 2776 691 2820 lacerarent
720 2789 777 2819 m.
810 2779 857 2820 2.
890 2776 943 2818 in
966 2788 1051 2831 my.
1080 2774 1143 2817 M
1244 2779 1269 2817 6
1302 2774 1461 2829 portas
1495 2771 1558 2814 M
1584 2771 1741 2826 portes

52 2851 84 2892 ς
235 2840 260 2878 9
294 2849 414 2879 aens
446 2848 699 2891 quaeruam
732 2835 795 2878 M
953 2838 1006 2876 13
1038 2834 1232 2890 possunt
1264 2847 1292 2887 ς
1447 2835 1500 2874 15
1533 2828 1742 2873 niuibus:

53 2895 257 2939 nubibus
290 2893 354 2937 M
479 2899 533 2938 16
565 2895 748 2938 consmt
780 2893 843 2936 M
972 2897 1024 2936 17
1060 2886 1372 2938 ΚὸΚΟΖΙΛΟΝ
1409 2889 1471 2932 M
1591 2892 1643 2932 19
1678 2902 1746 2932 se-

53 2954 259 2998 cundum
289 2965 394 2997 nos:
424 2966 489 2997 Sic
522 2953 585 2996 M
612 2952 812 2997 secundo
846 2967 874 3007 ς
1012 2956 1067 2994 22
1099 2949 1258 2994 fabola
1292 2949 1354 2992 M
1493 2952 1549 2991 25
1580 2960 1748 3003 prouo-

57 3026 168 3056 cans
197 3025 303 3056 nos:
334 3013 609 3068 prouocauit
642 3012 732 3067 Μς
855 3016 909 3055 31
943 3011 1187 3065 loquacem
1219 3010 1287 3052 bis
1320 3008 1384 3051 M
