1939 3197
634 68 750 113 ARS
782 67 1044 113 POETICA
1076 73 1233 112 9—24.
1667 68 1774 120 345

97 206 355 272 oportere.
469 206 502 256 9
553 204 912 272 pictoribus
965 207 1153 272 atque
1198 203 1410 270 poetis
1459 203 1776 270 quidlibet

97 278 369 329 audendi
418 296 661 345 semper
714 279 843 330 fuit
897 295 1098 346 aequa
1150 279 1454 345 potestas,
1548 294 1775 345 sequens

95 354 438 419 praeceptum
479 354 574 418 est,
618 370 804 404 omnes
843 351 1056 420 quidem
1097 353 1283 419 poetas
1321 352 1644 418 potestatem
1682 350 1775 402 ha-

95 425 218 476 bere
272 425 511 494 fingendi
565 426 641 476 ita
695 429 756 477 ut
810 425 1010 494 aliquid
1062 424 1287 492 faciant,
1341 442 1451 476 non
1502 427 1562 475 ut
1608 424 1778 476 uelint

96 516 215 550 cum
263 499 452 551 auibus
501 503 773 566 serpentes
825 500 912 550 uel
958 517 1076 551 cum
1125 498 1278 567 agnis
1324 498 1490 567 tigres
1540 497 1776 567 iungere.
1799 511 1821 544 5

251 573 319 623 14
364 573 644 640 inceptis
693 573 999 642 grauibus
1038 573 1408 640 plerumque
1449 574 1509 623 et
1547 589 1776 641 magna

94 645 423 713 professis.
470 647 855 715 plerumque
901 647 1121 698 tertium
1145 641 1453 697 καθολικόν
1480 647 1556 711 [et
1578 661 1778 714 magna

94 719 373 802 professis]
417 724 513 788 est,
552 723 802 772 naturam
841 720 1178 788 quorundam
1215 722 1496 786 poetarum
1521 737 1635 770 esse
1659 737 1777 787 pes-

97 793 308 861 simam,
365 794 454 862 qui
510 794 772 862 incipiant
826 794 1052 863 grandia
1107 792 1424 860 describere,
1480 792 1667 844 deinde
1720 793 1779 843 in

96 867 242 918 locos
282 885 589 919 communes
629 870 835 934 exeant,
875 867 965 935 qui
1004 867 1129 918 licet
1165 865 1296 918 boni
1332 866 1454 934 sint,
1492 869 1674 917 tamen
1709 866 1778 917 ri·
1803 880 1845 911 10

96 940 289 992 dentur
336 959 396 992 ac
446 942 761 1009 superuacui
806 941 1098 1009 habentur,
1144 939 1249 991 nisi
1294 939 1412 991 loco
1451 940 1614 1008 positi
1654 940 1778 991 sint.

247 1014 314 1066 15
360 1033 716 1082 purpureus
770 1016 899 1067 late
952 1015 1057 1083 qui
1113 1013 1451 1082 splendeat
1503 1031 1663 1065 unus
1719 1016 1779 1066 et

98 1088 267 1139 alter
313 1089 607 1140 adsuitur
653 1107 916 1157 pannus,
1001 1106 1096 1156 per
1140 1087 1244 1139 hoc
1283 1087 1429 1139 locos
1470 1104 1778 1139 communes

97 1162 380 1231 significat.
522 1163 587 1214 18
637 1165 745 1214 aut
790 1163 1032 1214 flumen
1078 1160 1382 1213 Rhenum.
1480 1178 1591 1212 non
1646 1160 1780 1212 dixit

97 1252 290 1304 genere
329 1236 626 1288 masculino
668 1234 945 1303 ‘Rhenus',
986 1235 1078 1288 sed
1115 1238 1308 1287 neutro
1350 1234 1471 1286 ‘hoc
1494 1233 1778 1303 Rhenum’,
1807 1247 1847 1280 15

98 1309 226 1377 quia
265 1313 347 1362 est
387 1309 507 1362 ‘hoc
545 1309 780 1362 flumen'.
891 1310 956 1361 19
998 1312 1059 1361 et
1096 1308 1373 1361 fortasse
1414 1326 1781 1375 cupressum

98 1383 221 1434 scis
269 1384 588 1436 simulare.
670 1384 774 1436 hoc
820 1383 1164 1452 prouerbium
1211 1385 1293 1434 est
1343 1382 1402 1433 in
1455 1382 1656 1433 malum
1701 1382 1780 1450 Pi?

101 1460 317 1525 ctorem,
357 1458 447 1526 qui
478 1457 751 1510 nesciebat
783 1458 928 1510 aliud
958 1457 1093 1509 bene
1126 1457 1349 1526 pingere
1386 1473 1547 1524 quam
1571 1473 1780 1524 cupres-

98 1549 229 1583 sum.
288 1531 354 1583 ab
395 1531 498 1584 hoc
536 1532 831 1601 naufragus
871 1531 1087 1600 quidam
1126 1532 1295 1599 petiit,
1334 1533 1395 1582 ut
1419 1547 1601 1581 casum
1625 1548 1781 1582 suum

97 1606 429 1673 exprimeret.
506 1606 593 1656 ille
633 1606 1004 1674 interrogauit,
1042 1623 1171 1656 num
1212 1623 1275 1656 ex
1321 1621 1571 1672 cupresso
1618 1603 1783 1655 uellet
1803 1616 1848 1648 20

97 1679 299 1747 aliquid
345 1679 495 1731 adici.
595 1680 734 1748 quod
782 1679 1127 1748 prouerbium
1175 1677 1390 1730 Graecis
1443 1678 1501 1728 in
1547 1695 1647 1729 usu
1698 1680 1783 1729 est

97 1749 204 1820 1Μή
258 1772 316 1804 τι
371 1751 477 1804 καὶ
533 1756 944 1822 κυπαρίσσου
993 1750 1237 1814 θέλεις;
1351 1752 1420 1803 21
1478 1751 1783 1820 amphora

98 1826 311 1894 coepit
364 1827 628 1879 institui
678 1831 973 1879 currente
1020 1829 1161 1878 rota
1209 1844 1317 1877 cur
1363 1843 1587 1877 urceus
1636 1825 1780 1877 exit.

96 1899 198 1952 hoc
238 1900 388 1952 dicit:
438 1918 600 1968 quare
640 1919 760 1952 cum
801 1902 961 1952 aliam
1001 1900 1281 1952 materiam
1319 1899 1616 1950 institueris
1656 1898 1781 1950 scri-

97 1974 236 2042 bere,
277 1974 437 2025 aliam
477 1974 678 2026 efficis?
720 1992 823 2042 quo
864 1974 1022 2026 modo
1058 1973 1310 2025 ridendus
1336 1975 1418 2024 est
1439 1972 1650 2041 figulus,
1689 1971 1782 2040 qui
1804 1984 1851 2017 25

98 2065 218 2099 cum
259 2048 610 2099 destinauerit
649 2048 963 2116 amphoram
1003 2047 1205 2116 fingere
1238 2045 1708 2117 urceum'efficiat.

101 2121 172 2173 24
211 2121 482 2173 maxima
522 2140 668 2190 pars
708 2124 924 2173 uatum
962 2124 1147 2208 pater
1184 2123 1245 2172 et
1290 2120 1554 2171 iuuenes
1600 2121 1782 2187 patre

99 2194 278 2263 digni
318 2196 683 2263 decipimur
744 2195 846 2247 hoc
869 2195 976 2247 tale
1001 2190 1357 2262 παράγγελμα
1390 2197 1494 2245 est:
1531 2210 1784 2260 erramus7

97 2268 287 2336 inquit,
327 2272 380 2320 et
419 2269 545 2320 dum
586 2287 843 2321 conamur
881 2287 1065 2320 ueram
1104 2269 1360 2320 uirtutem
1401 2267 1565 2335 sequi,
1604 2266 1784 2318 uicina

98 2342 297 2394 uirtute
343 2343 402 2394 in
448 2343 581 2394 uitia
634 2343 940 2410 incidimUS,
994 2361 1121 2394 nam
1173 2341 1409 2393 breuiter
1462 2341 1784 2392 scribentem
1805 2352 1851 2385 80

100 2417 340 2484 sequitur
380 2417 692 2485 obscuritas,
730 2417 870 2468 leuia
910 2419 1302 2485 conponentem
1340 2415 1494 2467 nerui
1521 2414 1785 2482 inhibent,

222 2628 243 2664 1
278 2621 509 2677 quodhb&
540 2621 758 2665 audiendl
791 2622 854 2665 M
983 2626 1007 2663 2
1042 2635 1203 2676 seques
1239 2620 1301 2663 M
1434 2625 1459 2663 6
1491 2618 1785 2675 graulonbus

103 2681 164 2722 M
311 2685 336 2723 7
369 2682 565 2724 tercium
598 2681 881 2724 KaOOarKox
916 2680 977 2722 M
983 2696 999 2732 ;
1037 2693 1152 2736 quae
1181 2682 1445 2734 sequuntur,
1477 2678 1624 2721 deleui
1757 2682 1784 2721 8

100 2740 268 2782 natura
300 2739 362 2781 M
491 2744 543 2783 10
576 2742 747 2782 exeunt
780 2740 842 2782 M
970 2743 1023 2782 19
1056 2740 1177 2794 petit
1210 2738 1271 2781 M
1403 2739 1457 2780 ut
1486 2750 1645 2780 casum
1676 2748 1785 2779 nos:

101 2799 283 2841 scutum
317 2798 380 2840 M
407 2798 464 2852 cf.
498 2799 559 2841 ad
594 2797 675 2841 Od.
709 2802 751 2852 1,
784 2803 827 2851 5,
858 2802 919 2842 12
1095 2802 1149 2841 20
1183 2809 1394 2853 cypresso
1429 2795 1490 2838 M
1659 2799 1715 2838 22
1747 2796 1786 2838 Τ

100 2858 154 2910 ηξ
189 2857 410 2913 Kypiccon
447 2858 604 2900 Oeaetc
644 2857 725 2909 M,
766 2853 818 2901 ἐκ
859 2857 1147 2912 κυπαρίσσου
1189 2871 1231 2911 ς,
1271 2854 1353 2899 καὶ
1391 2855 1679 2907 κυπαρίσσων
1718 2853 1783 2898 Η.

99 2914 359 2971 Stephanus
492 2916 656 2959 anfora
687 2916 751 2959 M
866 2920 923 2960 26
956 2916 1181 2960 amforam
1216 2915 1278 2958 M
1396 2918 1451 2958 28
1481 2914 1787 2969 HapsseaMa

102 2974 165 3017 M
282 2979 338 3019 30
370 2974 534 3018 uirtuti
566 2990 595 3029 ς
