1939 3197
158 99 263 153 150
756 118 763 127 ·
842 99 1094 144 EPODoN
1126 105 1167 143 4.

156 236 351 288 desne
417 255 661 289 sacram
723 236 1030 287 metiente
1092 238 1153 287 te
1205 235 1372 287 uiam
1425 254 1559 288 cum
1601 236 1705 293 bis
1753 240 1856 290 ter

154 311 450 363 ulnarum
500 314 653 380 toga
707 313 774 362 ut
828 328 936 362 ora
985 312 1200 361 uertat
1252 309 1372 361 huc
1428 313 1488 361 et
1537 310 1659 362 huc
1700 329 1850 363 eun-

154 385 312 437 tium
351 385 682 436 liberrima
721 383 1107 453 indignatio,
1187 384 1316 436 ordo
1359 386 1462 435 est:
1518 385 1771 437 metiente
1805 390 1850 438 te

156 477 363 511 sacram
402 459 546 510 uiam
587 476 707 510 cum
746 458 827 509 bis
868 460 950 509 ter
988 458 1238 510 ulnarum
1269 460 1400 527 toga
1441 459 1609 526 [utor3
1650 459 1704 511 id
1731 461 1859 529 est],

110 548 130 581 5
154 533 374 585 uidesne
426 535 486 584 ut
538 533 781 584 euntium
831 550 925 583 ora
962 532 1067 584 huc
1107 535 1160 583 et
1198 532 1324 584 illuc
1363 535 1542 583 uertat
1579 533 1854 586 liberrima

153 606 472 675 indignatio.
551 606 823 676 significat
863 609 1042 658 autem
1080 607 1340 674 populum
1375 624 1438 657 ex
1461 606 1856 676 indignatione

155 681 297 749 quod
351 681 439 732 ille
493 681 692 733 oblitus
743 680 1066 732 conditionis
1113 683 1226 731 tam
1265 680 1582 749 magnificus
1622 680 1852 750 incedat,

156 755 470 823 detorquere
511 755 578 807 ab
618 755 711 807 illo
753 757 1043 823 aspectum.
1122 757 1175 806 et
1221 755 1357 806 bene
1403 754 1733 806 liberrimam
1771 755 1851 807 in-

156 829 525 898 dignationem
566 829 713 897 dixit,
754 829 896 897 quod
934 829 1100 880 libere
1134 846 1193 880 ac
1225 829 1406 896 palam
1438 828 1582 880 hunc
1606 828 1851 881 uidentes

89 923 133 956 10
156 904 213 955 in
254 904 567 955 seruitutem
607 903 1004 955 inueherentur.
1083 920 1215 954 011111
1266 902 1362 953 bis
1410 905 1507 954 ter
1559 903 1854 954 ulnarum

154 980 319 1046 toga.
397 977 538 1028 hanc
589 980 768 1029 autem
818 978 1017 1028 iustam
1071 980 1230 1045 togae
1270 995 1578 1028 mensuram
1619 995 1733 1030 esse
1772 977 1852 1028 111-

152 1051 518 1120 tellegendum
559 1055 653 1103 est.
772 1052 836 1102 11
893 1054 1105 1103 sectus
1152 1050 1446 1120 flagellis
1485 1051 1588 1102 hic
1626 1051 1852 1103 trium-

154 1125 486 1176 uiralibus
563 1125 1087 1176 triumuiralibus
1130 1128 1309 1176 autem
1342 1124 1485 1192 quod
1511 1124 1704 1176 dixerit
1736 1144 1852 1194 spe-

155 1199 303 1250 cialis
345 1199 662 1251 elocutionis
704 1216 898 1268 genere
939 1216 1097 1250 usum
1137 1217 1251 1250 esse
1290 1216 1388 1266 pro
1429 1198 1667 1267 generali
1705 1202 1856 1268 puto.

89 1292 131 1325 15
153 1291 325 1341 neque
383 1273 525 1324 enim
582 1273 879 1325 triumuiris
942 1275 1156 1324 tantum
1215 1272 1307 1324 sed
1362 1272 1523 1324 etiam
1575 1272 1693 1324 aliis
1758 1292 1853 1341 po-

153 1347 440 1399 testatibus
473 1347 556 1399 ius
591 1350 672 1399 est
705 1347 908 1399 alienos
944 1365 1126 1399 seruos
1159 1346 1446 1416 flagellare.
1566 1347 1633 1398 12
1673 1365 1854 1414 prae-

156 1421 334 1473 conis
376 1421 450 1472 ad
489 1421 842 1473 fastidium.
921 1439 1129 1489 aspere:
1171 1421 1340 1473 donec
1381 1421 1525 1472 aliud
1566 1421 1850 1490 agentibus

154 1495 451 1546 triumuiris
491 1513 684 1563 praeco
727 1513 846 1547 cum
886 1496 1050 1547 uellet
1083 1494 1323 1546 desinere
1348 1495 1569 1546 iuberet.
1689 1495 1754 1547 13
1789 1499 1854 1547 et

157 1568 430 1636 Appiam
490 1570 739 1620 mannis
793 1569 963 1620 terit.
1064 1569 1338 1638 eleganter
1391 1568 1664 1637 manniS,
1728 1569 1858 1637 quia.

89 1664 135 1696 20
156 1642 445 1694 nimiarum
508 1643 811 1695 delitiarum
876 1642 1154 1694 affluentia
1223 1645 1305 1694 est
1373 1660 1538 1710 equos
1600 1642 1855 1696 burichos

157 1716 369 1768 habere.
448 1735 675 1769 mannos
725 1719 903 1768 autem
952 1734 1115 1784 equos
1163 1717 1328 1785 uulgo
1377 1716 1630 1769 burichos
1673 1718 1855 1785 appel-

156 1790 288 1842 lant.
364 1790 599 1859 Appiam
663 1794 842 1843 autem
903 1809 1001 1858 pro
1066 1790 1304 1858 qualibet
1356 1791 1447 1841 uia
1500 1791 1697 1858 posuit.
1783 1809 1853 1844 an

157 1865 417 1932 numquid
455 1865 691 1933 proprie,
756 1865 879 1933 quia
918 1863 1133 1916 Falerni
1181 1864 1297 1933 agri
1337 1864 1677 1932 meminerat,
1747 1883 1858 1935 quo>

159 1939 361 1990 scilicet
384 1936 561 2006 Appia
600 1939 692 1990 uia
721 1956 938 1990 necesse
980 1941 1061 1990 est
1098 1939 1189 1990 ire.
1299 1938 1367 1990 15
1408 1938 1854 2007 sedilibusque

90 2032 133 2065 25
158 2030 424 2082 magnus
494 2012 558 2064 in
618 2013 842 2080 primis
914 2030 1103 2081 eques
1157 2011 1408 2064 Othone
1479 2015 1851 2081 contempto

159 2086 350 2138 sedet.
429 2089 482 2138 et
534 2086 787 2154 ‘magnus
844 2085 1031 2155 eques'
1096 2090 1149 2138 et
1212 2085 1492 2138 tsedilibus
1540 2086 1597 2138 in
1635 2085 1852 2155 primis'

159 2177 280 2212 cum
319 2160 624 2212 uehementi
655 2161 1025 2230 indignatione
1052 2160 1259 2212 dicitur.
1337 2179 1401 2212 ex
1425 2161 1852 2228 quattuordecim

159 2237 339 2285 autem
402 2234 700 2302 ordinibUS,
772 2253 904 2302 quos
962 2235 1080 2304 lege
1143 2234 1340 2287 Roscia
1397 2233 1539 2287 Otho
1598 2235 1852 2287 tribunus

158 2307 330 2375 plebis
393 2307 449 2358 in
510 2308 722 2360 theatro
786 2309 1019 2376 equestri
1081 2308 1256 2361 ordini
1318 2308 1484 2374 dedit,
1547 2308 1651 2360 duo
1691 2308 1854 2376 primi

91 2400 134 2433 30
162 2381 374 2433 ordines
414 2381 713 2433 tribuniciis
752 2383 1034 2434 uacabant.
1152 2383 1217 2433 17
1290 2381 1438 2449 quid
1480 2381 1718 2433 attinet
1755 2384 1853 2434 tot

161 2473 269 2507 ora
307 2455 565 2506 nauium
598 2456 783 2524 graui
815 2458 1102 2507 rostrata
1135 2455 1276 2506 duci
1308 2455 1588 2523 pondere
1624 2457 1853 2508 contra

158 2529 447 2581 latrones
511 2531 698 2597 atque
763 2529 1068 2581 seruilem
1130 2547 1391 2580 manum.
1503 2546 1693 2580 sensus
1742 2533 1852 2581 est:

162 2602 288 2671 quid
352 2601 572 2671 prodest
632 2603 857 2654 classem
924 2603 1170 2655 rostratis
1225 2603 1457 2654 nauibus
1513 2603 1702 2655 ducere
1755 2603 1844 2654 ad-

160 2695 376 2728 uersum
425 2677 663 2729 latrones
704 2695 764 2728 ac
803 2676 1086 2746 fugitiuos,
1145 2695 1278 2744 quos
1320 2674 1513 2729 Sextus
1555 2675 1840 2745 Pompeius

283 2798 304 2835 1
340 2805 468 2836 sacra
499 2793 720 2836 mentime
752 2805 831 2835 1113
865 2793 927 2835 M
1052 2797 1077 2835 3
1117 2793 1373 2835 mentiente
1407 2793 1470 2835 M
1593 2797 1621 2835 4
1652 2793 1770 2836 utor.
1802 2791 1852 2834 id

163 2851 232 2894 est
263 2851 409 2895 cleleui
554 2856 577 2895 7
609 2851 904 2907 magnificam
940 2851 1002 2893 M
1137 2857 1162 2895 9
1194 2865 1315 2895 nunc
1349 2851 1413 2894 M
1547 2856 1599 2894 11
1633 2851 1852 2894 uidentur

162 2909 322 2964 aliqua
352 2911 506 2954 deesse.
553 2912 687 2966 toga:
727 2910 814 2953 hoc
855 2911 927 2954 est
965 2923 1070 2953 cum
1111 2924 1190 2953 sex
1222 2910 1438 2954 ulnarum
1467 2911 1582 2967 toga
1614 2924 1643 2965 ς
1795 2914 1849 2953 18
1923 2909 1925 2911 ’

163 2980 286 3010 cum:
320 2982 406 3012 con
440 2970 503 3012 M
606 2975 658 3013 21
692 2969 900 3025 apellant
933 2969 995 3012 M
1097 2974 1152 3013 23
1187 2983 1268 3025 qui
1301 2969 1363 3011 M
1473 2982 1586 3025 quos
1620 2967 1684 3011 M
1793 2972 1848 3011 27

162 3024 312 3070 decim
344 3040 425 3071 om.
461 3028 524 3071 M
596 3033 653 3073 30
687 3027 857 3073 ordinis
888 3028 1156 3072 tnbunatus
1179 3028 1414 3072 uocabant
1438 3027 1502 3071 Μ
1581 3031 1639 3072 30
1663 3028 1766 3083 quit
1791 3026 1855 3070 M
