1939 3197
660 53 863 99 SERMO
895 55 929 110 Ι,
962 59 1002 109 3,
1037 58 1224 99 21—29.
1680 55 1784 107 201

109 194 357 259 nocteS,
396 192 457 242 ut
494 189 637 241 Flet
675 192 923 241 noctem
957 192 1009 241 et
1041 189 1158 241 Tot
1190 208 1390 242 annos
1423 190 1593 242 bella
1625 207 1787 259 gero,

112 266 189 318 ad
238 266 440 333 ipsum
486 281 666 315 mane
716 266 892 315 autem
932 282 1052 332 pro:
1092 282 1259 332 usque
1300 264 1366 316 ad
1405 264 1580 333 ipsum
1619 282 1790 316 mane.

220 341 284 391 21
320 338 610 390 Maenius
644 337 970 389 absentem
1001 336 1279 390 Nouium
1313 356 1445 390 cum
1486 341 1789 406 carperet.

107 414 196 482 qui
269 412 336 464 de
406 411 704 480 personis
766 410 1151 464 Horatianis
1223 412 1571 480 scripserunt,
1643 412 1792 463 aiunt

103 487 377 539 Maenium
417 489 470 537 et
495 486 833 537 scurrulitate
860 488 913 538 et
936 489 1197 554 nepotatu
1222 486 1563 538 notissimum
1587 485 1790 537 Romae
1814 498 1834 531 5

103 561 282 613 fuisse.
357 560 445 612 hic
493 577 604 612 cum
652 563 777 628 post
816 560 1199 628 patrimonium
1242 560 1493 612 adrosum
1531 559 1790 612 Kalendis

108 634 373 687 Ianuariis
414 635 470 686 in
504 632 770 702 Capitolio
812 635 954 686 clara
1002 651 1131 686 uoce
1181 637 1390 701 optaret
1436 637 1496 686 ut
1544 634 1792 702 quadrin-

109 713 272 778 genta
312 708 458 760 milia
496 726 837 760 nummorum
873 708 1009 759 aeris
1043 708 1204 759 alieni
1235 707 1471 776 haberet,
1505 711 1792 776 quaerente

106 784 359 851 quodam,
408 782 533 850 quid
583 782 684 833 sibi
731 782 915 849 uellet,
964 781 1104 849 quod
1152 784 1264 832 tam
1315 782 1540 834 solemni
1580 782 1663 832 die
1704 799 1792 833 aes

108 857 342 908 alienum
368 856 565 907 habere
593 858 819 923 optaret,
859 854 990 907 ‘noli
1015 854 1216 906 mirari’
1256 855 1433 924 inquit
1462 855 1793 924 ‘octingenta
1818 870 1858 901 10

105 929 307 982 debeo’.
404 930 491 981 hic
538 929 706 980 fertur
754 930 912 982 domo
963 948 1081 997 sua,
1128 948 1289 997 quam
1338 930 1404 981 ad
1453 929 1628 981 forum
1678 947 1791 997 spe-

106 1007 341 1057 ctantem
366 1003 645 1070 habuerat,
686 1004 959 1055 diuendita
984 1022 1147 1055 unam
1188 1004 1492 1055 columnam
1527 1003 1651 1055 inde
1692 1003 1794 1055 sibi

108 1079 393 1146 excepisse,
431 1078 572 1129 unde
598 1078 923 1147 gladiatores
959 1080 1239 1146 spectaret,
1281 1096 1413 1145 quae
1440 1096 1502 1129 ex
1528 1095 1587 1129 eo
1613 1077 1794 1128 Maeni

111 1153 360 1205 columna
383 1152 783 1204 nominabatur.
838 1152 986 1203 cuius
1020 1154 1073 1203 et
1110 1151 1395 1203 Lucilius
1436 1153 1510 1203 sic
1550 1151 1795 1202 meminit

105 1226 395 1278 Maenius
438 1226 795 1277 columnam
836 1245 972 1278 cum
1018 1229 1280 1294 peteret.
1395 1226 1466 1278 25
1508 1244 1641 1278 cum
1680 1229 1790 1276 tua
1814 1237 1855 1271 15

106 1301 450 1369 peruideas
499 1300 702 1352 oculis
749 1301 915 1352 mala
960 1300 1176 1368 lippus
1223 1300 1527 1351 inunctis.
1606 1317 1792 1351 sensus

108 1378 210 1427 est:
260 1393 379 1426 cum
427 1377 521 1425 tua
567 1375 710 1425 mala
755 1374 938 1425 uideas
986 1375 1136 1425 uelut
1183 1374 1227 1425 si
1272 1374 1503 1442 lippiens
1542 1374 1793 1425 inunctus

109 1449 180 1500 sis
191 1491 203 1516 ,
252 1467 413 1516 quare
462 1448 528 1499 ad
577 1449 869 1500 amicorum
908 1448 1277 1516 perspicienda
1315 1448 1450 1499 uitia
1488 1451 1601 1499 tam
1641 1450 1793 1499 acute

106 1523 382 1591 perspicis,
423 1541 581 1590 quam
623 1526 715 1573 aut
755 1523 932 1590 aquila
973 1525 1066 1573 aut
1101 1523 1275 1574 draco.
1339 1522 1573 1590 aquilam
1614 1524 1794 1573 autem

109 1602 214 1649 tam
261 1600 414 1648 acute
463 1614 676 1648 cernere
718 1597 890 1664 aiunt,
940 1599 1001 1647 ut
1039 1597 1197 1648 rectis
1240 1596 1405 1648 oculis
1445 1596 1624 1648 radios
1667 1596 1791 1648 solis
1817 1610 1858 1641 20

106 1672 392 1723 intueatur.
468 1689 565 1738 pro
608 1670 837 1722 dracone
882 1674 1061 1722 autem
1102 1673 1404 1738 serpentem
1443 1670 1795 1738 Epidaurium

108 1745 226 1797 ideo
268 1745 415 1813 dixit,
455 1745 594 1812 quia,
635 1762 754 1796 cum
779 1744 1013 1796 Romani
1053 1746 1269 1797 oraculo
1301 1745 1561 1797 admoniti
1585 1745 1644 1795 in
1667 1744 1794 1813 Epi-

108 1819 332 1871 daurum
381 1819 614 1870 insulam
659 1819 956 1886 misissent,
1002 1819 1125 1870 inde
1172 1822 1233 1870 ut
1271 1819 1653 1886 Aesculapium
1706 1818 1793 1869 ad-

106 1893 331 1961 ferrent,
371 1894 528 1944 draco
570 1911 596 1944 e
636 1893 837 1960 templo
879 1893 990 1944 eius
1015 1896 1234 1961 repente
1258 1910 1576 1961 progressus
1601 1910 1796 1943 nauem

106 1968 409 2036 legatorum
457 1967 788 2030 conscendit,
838 1985 995 2035 quem
1041 1967 1118 2018 1111
1165 1985 1365 2018 numen
1412 1966 1495 2018 dei
1536 1966 1794 2017 creditum
1818 1979 1861 2011 25

111 2059 224 2093 esse
249 2040 479 2093 Romam
512 2041 854 2092 aduexerunt.
954 2041 1023 2092 29
1057 2040 1430 2092 iracundior
1470 2042 1565 2092 est
1604 2039 1792 2108 paulo

111 2118 164 2166 et
203 2115 429 2183 reliqua:
469 2114 634 2166 habet
674 2115 851 2183 aliqua
890 2115 1036 2182 uitia,
1075 2115 1152 2165 ita
1189 2117 1251 2166 ut
1289 2115 1449 2182 paulo
1489 2114 1795 2166 iracundior

111 2189 206 2257 sit,
260 2207 327 2240 ne
381 2189 554 2257 possit
609 2189 963 2240 deridentium
1018 2189 1403 2256 urbanitatem,
1457 2206 1591 2256 quae
1653 2206 1796 2239 nunc

110 2263 339 2315 maxime
396 2266 691 2331 exercetur,
747 2263 1024 2314 sustinere.
1121 2264 1363 2331 praestat
1417 2263 1579 2314 etiam
1626 2262 1688 2314 de
1741 2280 1794 2314 se

108 2337 312 2389 ridendi
365 2337 667 2406 materiam,
724 2337 864 2405 quod
917 2337 1170 2389 rusticius
1216 2340 1405 2390 tonsus
1455 2337 1524 2388 sit
1569 2339 1621 2388 et
1666 2339 1796 2405 toga
1818 2351 1862 2383 30

233 2488 285 2526 13
320 2482 489 2526 Lucilii
520 2483 684 2541 fragm.
718 2483 805 2527 inc.
843 2489 926 2528 100

232 2622 256 2660 2
290 2630 374 2673 pro
410 2617 587 2673 Pauly:
620 2630 712 2673 quo
748 2618 809 2660 M
928 2623 952 2660 3
985 2631 1165 2661 menius
1199 2616 1262 2659 M
1394 2630 1518 2659 cum:
1553 2629 1638 2659 con
1672 2615 1735 2657 M

112 2682 137 2720 5
169 2690 375 2719 menium
406 2678 459 2720 ut
489 2676 833 2720 scurrulitatem
861 2708 863 2710 -
949 2682 973 2720 6
1008 2691 1113 2720 011111
1146 2677 1250 2720 add.
1287 2676 1442 2732 Pauly
1551 2679 1603 2717 12
1637 2674 1796 2717 dmen-

111 2735 258 2779 ditam
288 2736 350 2778 M
456 2740 507 2778 13
541 2749 666 2779 meni
691 2736 754 2779 M
844 2740 898 2779 15
930 2749 1111 2780 memus
1138 2736 1200 2778 M
1298 2741 1351 2778 16
1383 2734 1553 2790 lyppus
1575 2733 1796 2776 iniunctls

112 2795 175 2837 M
325 2800 377 2838 17
412 2794 647 2850 lypplenffl
673 2819 681 2827 ·
707 2796 874 2839 unctus
907 2795 969 2837 M
1119 2799 1172 2838 18
1204 2796 1324 2837 tam:
1366 2807 1504 2849 quam
1539 2793 1601 2835 M
1742 2796 1796 2835 19

113 2853 279 2898 dracco
314 2854 377 2896 M
481 2858 535 2897 20
568 2855 718 2898 rectos
750 2854 814 2897 M
931 2859 985 2897 21
1021 2854 1214 2910 epidaur
1245 2869 1339 2909 um,
1371 2867 1388 2895 1
1420 2864 1532 2895 eras.
1560 2851 1623 2894 M
1739 2855 1794 2894 22

111 2927 161 2955 m
193 2913 485 2969 epidaurium
520 2913 582 2956 M
730 2918 784 2956 23
817 2913 1105 2969 esculaplum
1140 2914 1202 2956 M
1334 2916 1388 2956 26
1421 2919 1478 2959 ’.ἐν
1513 2911 1586 2966 (=
1619 2912 1706 2967 est)
1738 2923 1796 2952 m.

110 2976 158 3018 2.
192 2973 297 3017 add.
333 2972 395 3015 M
514 2977 569 3017 28
601 2976 715 3016 nec?
838 2977 894 3017 30
925 2972 1109 3016 ridendi
1141 2973 1246 3016 add.
1279 2971 1389 3016 Aer.
