1939 3197
625 78 827 124 SERMo
861 80 893 136 1,
926 84 967 136 9,
1000 84 1187 124 60-72.
1637 79 1745 133 235

46 217 181 286 *quis
222 233 356 285 quae
397 215 562 267 uerba
600 214 798 267 habeat
836 217 929 266 aut
966 215 1107 267 unde
1157 215 1381 284 incipiat
1427 215 1596 284 loqui,
1643 217 1744 270 hoc

63 290 458 344 obseruandum
498 291 600 341 est:
640 289 887 357 deinceps
928 292 981 341 et
1021 307 1183 358 supra
1214 292 1268 341 et
1298 289 1392 341 ubi
1416 290 1520 341 duo
1545 295 1744 358 puncta

58 364 379 433 interposita
440 365 565 415 sunt
621 363 844 416 alteram
896 381 1183 431 personam
1239 364 1389 432 loqui
1447 364 1744 434 intellegas.

32 457 37 460 ·
61 441 202 492 certe
248 438 355 489 iam
403 455 589 489 sensus
637 437 750 505 ipse
797 437 953 490 docet
1009 438 1136 506 quid
1174 436 1434 491 Horatius
1481 437 1608 506 quid
1655 439 1743 492 1110

59 513 316 565 molestus
357 511 512 564 dicat.
619 511 690 564 60
730 529 870 564 0000
910 510 1156 564 Fuscus
1199 511 1484 564 Aristius
1525 530 1743 565 occur·
1768 534 1788 567 5

59 587 146 639 rit
199 585 355 638 mihi
408 604 606 638 carus,
706 585 940 638 Aristius
990 585 1195 638 Fuscus
1250 586 1743 654 praestantissimus

60 659 442 730 grammaticus
489 659 581 712 1110
629 662 870 728 tempore
918 662 971 711 et
1017 660 1217 712 amicus
1256 659 1471 713 Horatii
1514 660 1634 714 fuit.

60 735 131 787 62
179 734 340 787 unde
387 734 569 786 uenis
617 737 678 786 et
724 752 844 802 quo
896 734 1111 786 tendis
1150 737 1340 803 rogat
1380 738 1440 786 et
1478 752 1742 803 respon-

41 808 164 861 -det
218 809 459 859 uellere
508 808 704 876 coepi.
803 809 1077 877 eleganter
1123 808 1349 859 mixtum
1396 809 1537 860 inter
1585 827 1640 861 se
1692 814 1746 861 et

57 882 342 934 confusum
394 898 676 935 sermonem
725 882 1080 949 intem-oyandi
1132 899 1192 933 ac
1245 882 1605 950 respondendi
1660 901 1744 935 ex·
1771 903 1811 934 10

55 955 265 1025 pressit.
416 956 488 1008 64
536 958 596 1007 et
634 973 929 1024 pressare
969 974 1158 1008 manu
1197 956 1563 1008 lentissima
1601 957 1743 1009 bra-

56 1030 215 1082 chia.
294 1026 428 1100 [sed]
477 1030 842 1081 lentissima
889 1048 1088 1083 nomen
1126 1030 1364 1098 positum
1404 1032 1484 1083 est
1522 1049 1619 1099 pro
1655 1032 1742 1083 ad-

57 1104 260 1156 uerbiO.
313 1122 426 1156 non
461 1104 604 1155 enim
645 1103 962 1156 ‘lentissima
1003 1103 1256 1172 brachia'‚
1297 1104 1389 1156 sed
1430 1103 1743 1158 elentissime

59 1196 302 1247 pressare
342 1176 581 1230 brachia-⁹
621 1178 1059 1247 intellegendum.
1212 1179 1281 1231 65
1333 1179 1492 1230 male
1534 1179 1742 1232 salsus

54 1252 274 1304 ridens
314 1251 725 1304 dissimulare
765 1271 984 1304 meum.
1085 1251 1241 1304 ‘male
1283 1251 1474 1304 salsus'
1516 1253 1740 1306 stolidus
1767 1270 1809 1305 15

60 1344 120 1378 ac
176 1326 380 1379 derisor
428 1326 516 1378 hic
569 1326 1006 1395 intellegendum.
1159 1327 1227 1378 67
1293 1332 1462 1379 certe
1525 1328 1741 1380 nescio

56 1400 206 1469 quid
247 1403 491 1453 secreto
532 1401 698 1452 uelle
737 1400 916 1469 loqui
955 1403 1015 1453 te
1056 1401 1275 1453 aiebas
1308 1419 1563 1453 mecum.
1638 1401 1742 1454 hoc

54 1474 313 1526 Horatius
361 1474 429 1526 ad
467 1473 699 1527 Fuscum
746 1475 874 1528 dicit
921 1493 1181 1543 quaerens
1222 1493 1343 1527 cum
1383 1493 1444 1528 eo
1485 1474 1743 1543 secedere,

53 1551 117 1600 ut
163 1566 286 1600 eum
332 1551 576 1601 moneret
612 1549 801 1601 tollere
842 1549 1043 1617 aliquid
1082 1567 1296 1616 causae,
1344 1567 1448 1617 quo
1490 1549 1645 1601 citius
1688 1568 1742 1601 se

55 1623 123 1674 ab
163 1623 455 1691 inportuno
495 1623 588 1675 illo
637 1623 904 1675 auelleret.
1058 1624 1126 1675 69
1175 1623 1364 1676 hodie
1410 1623 1741 1676 tricesima
1766 1643 1808 1674 20
1860 1688 1864 1691 ὓ

56 1697 338 1749 sabbata.
437 1697 663 1749 sabbata
709 1697 920 1749 lunaria
967 1697 1259 1767 significat,
1307 1715 1442 1765 qua-e
1489 1698 1739 1768 uulgares

51 1770 300 1824 homines
348 1770 507 1823 ferias
557 1771 658 1823 sibi
705 1771 1008 1824 adsumunt.
1161 1772 1230 1824 69
1278 1772 1387 1823 uin
1433 1774 1501 1824 tu
1541 1773 1740 1824 curtis

51 1844 311 1897 Iudaeis
353 1845 685 1914 oppedere.
748 1848 926 1898 curtos
965 1845 1194 1898 Iudaeos
1235 1845 1382 1914 dixit,
1423 1846 1547 1913 quia
1585 1846 1740 1898 uirile

51 1919 351 1972 membrum
397 1920 546 1971 uelut
592 1919 930 1971 decurtatum
975 1919 1181 1972 habent
1218 1920 1388 1972 recisa
1426 1920 1551 1971 inde
1590 1920 1739 1988 pelli-

52 1994 187 2045 cula.
287 1993 603 2061 oppedere
649 1993 907 2045 Iudaeis
948 1997 1127 2045 autem
1167 1994 1320 2061 quasi
1359 1996 1737 2061 contempnere
1762 2009 1805 2043 25

56 2085 148 2119 eos
189 2085 249 2119 ac
287 2067 575 2136 religiones
616 2084 801 2119 eorum
840 2067 1077 2119 deridere
1119 2067 1400 2137 significat.
1553 2068 1617 2119 71
1677 2071 1741 2119 at

54 2140 210 2192 mihi
287 2159 420 2193 sum
496 2142 687 2209 paulo
758 2141 1084 2193 infirmior
1152 2159 1311 2193 unus
1380 2141 1739 2193 multorum.

51 2214 153 2267 hoc
200 2213 403 2267 Fuscus
452 2215 581 2266 dicit
625 2217 843 2283 stupore
892 2215 1093 2267 scih'cet
1140 2215 1405 2284 adhibito,
1450 2232 1518 2267 ne
1564 2213 1740 2267 Hora-

49 2288 188 2340 tium
227 2289 530 2357 cupientem
581 2289 740 2341 auelli
781 2289 847 2341 ab
887 2289 979 2342 illo
1020 2290 1246 2342 molesto
1286 2289 1551 2341 liberaret.
1668 2289 1737 2341 72

45 2362 365 2415 hunccine
407 2364 608 2417 solem
646 2366 774 2415 tam
813 2364 1070 2433 nigrum
1111 2381 1366 2415 surrexe
1398 2362 1570 2415 mihi.
1624 2361 1735 2415 Ho-
1760 2382 1806 2414 30

50 2437 220 2489 ratius
268 2436 396 2489 dicit
440 2437 658 2507 nigrum
705 2456 767 2490 ac
812 2456 908 2506 per
945 2437 1049 2490 hoc
1088 2437 1299 2490 tristem
1338 2437 1478 2489 diem
1518 2435 1620 2489 sibi
1658 2437 1738 2488 in-

51 2510 272 2578 luxisse,
334 2511 425 2579 qui
485 2511 543 2563 in
604 2512 770 2564 istum
835 2511 1274 2565 molestissimum
1327 2510 1589 2563 inciderit

173 2646 195 2684 1
228 2640 433 2686 habebat
464 2642 528 2685 M
652 2647 678 2687 5
710 2642 861 2686 fustus
895 2642 959 2686 M
1090 2647 1115 2687 8
1146 2657 1311 2700 rogam
1342 2643 1380 2686 &
1410 2640 1650 2697 respondit
1682 2674 1691 2684 .
1726 2675 1735 2683 .

51 2713 155 2756 cepi
187 2700 250 2743 M
368 2706 421 2745 12
454 2702 534 2745 sed
565 2715 620 2745 ex
652 2702 733 2746 sed
763 2701 1019 2746 lentissime
1049 2703 1230 2746 illatum
1262 2705 1326 2746 est
1439 2706 1494 2744 14
1525 2712 1736 2756 pressare

51 2759 272 2803 bracchia
303 2760 367 2803 M
508 2765 560 2805 18
594 2763 768 2806 oratius
801 2762 865 2804 M
995 2761 1154 2806 sedere
1184 2762 1258 2805 uel
1290 2760 1450 2806 cedere
1484 2759 1548 2802 M
1682 2763 1734 2803 19

42 2817 231 2874 aliquid
263 2832 430 2864 causae
463 2833 554 2876 quo
587 2820 724 2864 citius
757 2834 804 2865 se
835 2820 1146 2876 nos:a11quo.
1178 2819 1570 2876 causequeffltiose
1603 2817 1668 2860 M

52 2882 109 2922 20
141 2878 354 2922 eueller&
379 2879 443 2922 M
544 2884 597 2922 21
633 2894 752 2935 quae
784 2881 857 2924 uel
889 2879 999 2936 quia
1030 2894 1085 2924 ea
1118 2895 1168 2935 ς.
1200 2893 1312 2936 quia
1336 2878 1400 2921 M
1497 2882 1554 2921 23
1585 2877 1737 2920 iudels

54 2937 118 2979 M
146 2938 214 2981 bis
327 2943 382 2982 23
407 2938 569 2982 ludeos
604 2939 667 2981 M
776 2943 833 2982 24
865 2939 1135 2983 decuratum
1164 2939 1339 2982 habeat
1364 2936 1427 2979 M
1535 2935 1739 2993 pehcula

44 2996 315 3052 oppendere
349 2998 414 3041 M
529 3002 585 3041 26
618 2997 886 3043 deridedere
921 2999 984 3041 M
1101 3003 1159 3042 3⁶2.
1190 3002 1310 3053 quo?
