1939 3197
562 77 765 124 SERMO
801 80 859 136 ΙΙ,
891 85 933 136 3,
967 83 1216 126 153—188.
1612 78 1724 133 255

29 216 223 268 simum
262 214 447 267 uinum
485 215 543 266 in
581 214 797 268 Ueienti
836 216 1088 268 nascitur.
1180 217 1234 266 et
1279 212 1559 266 Persius:
1600 214 1717 267 Ue-

27 290 484 357 ientanumque
521 288 854 343 rubellum.
972 289 1074 342 153
1116 287 1428 340 deficient
1466 288 1718 357 inopem

29 363 105 416 sic
145 363 234 431 ait,
272 365 332 414 ut
369 362 554 430 inopia
593 363 826 432 aliquem
867 362 1120 415 defecisse
1159 361 1398 415 dicimus.
1476 365 1529 414 et
1566 361 1716 414 Uer-

26 437 246 506 gilius:
310 434 525 505 Tuque
565 454 596 488 0
638 436 850 489 dubiis
911 455 986 488 ne
1026 436 1232 489 defice
1271 436 1474 488 rebus,
1616 436 1717 488 158

29 510 321 580 quisnam
360 510 564 579 igitur
603 529 808 563 sanus.
862 510 1053 579 incipit
1093 510 1156 562 de
1198 507 1389 563 Stoicis
1430 509 1715 578 disputare.
1740 523 1761 555 5

178 584 279 637 161
341 581 669 636 Craterum
722 585 962 637 dixisse
1013 586 1252 652 putato.
1333 581 1585 636 Craterus
1623 602 1717 636 no-

25 657 149 711 bilis
189 657 422 710 medicus
463 658 699 727 Augusti
751 658 1085 727 temporibus
1137 657 1252 709 fuit.
1331 657 1393 708 de
1432 657 1536 710 hoc
1573 655 1718 709 Per-

27 732 181 785 sius:
246 730 405 794 Quid
468 739 622 800 opu's
685 730 952 785 Cratero
1010 749 1273 801 magnos
1335 730 1718 798 promittere

25 808 290 859 montes.
406 805 508 857 163
548 806 765 858 morbo
805 808 1201 873 temptentur
1241 807 1439 856 acuto,
1518 802 1716 856 Graece

27 874 125 943 ὀξὺ
163 878 357 940 πάθος.
476 879 579 932 166
643 878 794 948 quid
849 879 1016 930 enim
1068 877 1295 930 differt
1344 876 1787 930 Baratrone.10

25 953 254 1006 Baratro
287 952 603 1005 luxuriosus.
660 971 846 1005 uerum
879 953 1133 1021 quidam
1172 952 1360 1021 legunt
1392 951 1719 1019 barathro,

26 1031 88 1080 ut
138 1027 322 1079 ueniat
375 1045 406 1079 a
455 1026 792 1080 nominatiuo
843 1026 1172 1079 barathrum.
1291 1025 1393 1078 168
1459 1022 1719 1077 Seruius

27 1100 345 1170 Oppidius
409 1098 644 1153 Canusi
707 1101 824 1154 duo
894 1100 1162 1170 praedia
1223 1099 1400 1151 diues
1464 1100 1720 1165 antiquo

27 1192 233 1229 censu:
273 1175 375 1227 hoc
414 1177 517 1227 est:
557 1192 726 1242 paruo
767 1192 929 1227 censu
969 1175 1131 1226 diues.
1251 1173 1355 1225 175
1404 1175 1470 1224 tu
1508 1190 1585 1224 ne
1625 1190 1718 1225 se-

28 1266 294 1319 querere
336 1246 645 1300 Cicutam:
686 1267 753 1300 ne
778 1251 837 1300 tu
861 1249 1180 1315 luxuriOSUS,
1220 1250 1279 1299 tu
1306 1264 1499 1299 auarus
1533 1246 1719 1298 euade-
1746 1261 1787 1293 15

27 1342 126 1376 res.
199 1321 574 1376 Nomentanus
615 1323 758 1374 enim
797 1323 1115 1389 luxuriOSUS‚
1156 1319 1344 1374 Cicuta
1384 1338 1594 1372 auarus.

33 1398 133 1450 181
176 1397 221 1448 is
296 1396 712 1448 intestabilis
768 1399 829 1448 et
879 1415 1057 1449 sacer
1113 1398 1266 1448 esto,
1357 1394 1564 1462 antiqui
1615 1412 1721 1463 eOS,

28 1489 163 1541 quos
224 1471 281 1523 in
341 1470 710 1523 testimonium
772 1471 1030 1523 nolebant
1092 1469 1325 1537 admitti,
1387 1467 1720 1520 intestabiles

27 1545 319 1613 uocabant,
372 1544 572 1600 scilicet
622 1563 846 1613 quorum
891 1544 1261 1596 testimonium
1301 1542 1502 1594 malum
1543 1544 1595 1593 et
1635 1560 1720 1593 ex-

32 1619 350 1673 secrandum
376 1622 528 1671 esset.
648 1619 752 1671 182
791 1619 856 1670 111
896 1619 1099 1671 cicere
1141 1620 1330 1685 atque
1370 1615 1535 1667 faba.
1584 1615 1720 1667 anti·
1746 1629 1788 1661 20

29 1693 122 1763 qui
163 1692 359 1745 aediles
398 1693 556 1744 huius
596 1692 742 1744 modi
793 1710 876 1744 res
924 1692 1123 1761 populo
1164 1690 1466 1743 Floralibus
1509 1706 1722 1758 sparge·

27 1768 176 1820 bant.
251 1767 375 1819 inde
437 1769 490 1819 et
539 1766 820 1819 Persius:
877 1765 1099 1836 Uigila
1161 1768 1221 1817 et
1276 1765 1445 1817 cicer
1500 1764 1721 1833 ingere

29 1842 208 1911 large
298 1841 542 1893 rixanti
610 1841 862 1909 populo,
962 1857 1221 1908 pauperes
1285 1839 1426 1890 enim
1490 1837 1721 1889 fuerunt.

183 1915 282 1968 187
324 1933 398 1966 ne
439 1915 580 1984 quis
619 1915 914 1967 humasse
947 1915 1122 1966 uelit.
1171 1911 1554 1979 adnotandum,
1581 1911 1722 1979 quod

30 1989 335 2058 dialogicon
373 1988 513 2041 fecit.
561 1988 861 2041 introduxit
899 1989 1041 2040 enim
1083 1987 1348 2056 quendam
1374 1986 1722 2037 altercantem
1746 1998 1788 2031 25

31 2081 150 2116 cum
189 2062 618 2132 Agamemnone,
674 2065 734 2114 ut
788 2063 1002 2114 doceret
1058 2061 1295 2114 saniores
1344 2076 1457 2112 esse
1498 2076 1588 2110 eos
1629 2058 1722 2127 qui

30 2137 209 2189 insani
248 2136 512 2204 uidentur,
551 2136 636 2188 his
663 2154 797 2205 quos
824 2154 982 2188 sanos
1008 2138 1275 2204 putamus.
1323 2134 1518 2202 dogma
1544 2134 1722 2183 autem

32 2209 334 2263 Stoicorum
360 2210 626 2279 quoddam
649 2207 1050 2278 πραγματικόν,
1076 2228 1179 2279 quo
1207 2208 1511 2260 continetur
1536 2223 1721 2258 omnes

33 2285 277 2337 homines
316 2285 535 2337 insanos
576 2302 704 2337 esse.
824 2284 925 2337 188
988 2302 1097 2336 rex
1149 2301 1280 2336 sum
1332 2280 1497 2334 nihil
1536 2281 1721 2333 ultra.

152 2438 173 2475 1
210 2432 333 2475 Pers.
368 2436 408 2487 5,
444 2436 525 2474 147
650 2436 674 2474 3
707 2431 822 2475 Αο11.
856 2435 895 2486 6,
933 2434 1016 2474 194
1139 2434 1161 2472 7
1195 2429 1317 2473 Pers.
1353 2432 1394 2483 3,
1429 2432 1483 2471 65

154 2557 174 2594 1
226 2549 412 2595 Ueienti
454 2563 558 2594 nos:
612 2551 818 2606 umento,
887 2563 913 2592 o
953 2549 1005 2591 in
1048 2561 1162 2601 ras„
1196 2547 1259 2590 M
1407 2547 1722 2602 uegentanum

35 2610 96 2654 M
111 2623 238 2655 oom.
259 2610 322 2653 M
382 2614 434 2653 12
467 2609 739 2653 barathrum
755 2622 861 2652 nos:
891 2608 1140 2651 baratrhus
1175 2607 1237 2649 M
1297 2610 1353 2649 14
1393 2604 1481 2648 hoc
1512 2617 1617 2647 nos:
1649 2603 1723 2646 1110

33 2669 97 2713 Μ
183 2669 340 2713 dicens
373 2669 435 2712 M
524 2673 578 2712 15
620 2670 761 2712 citam
796 2668 858 2711 M
954 2668 1007 2709 tu
1042 2703 1050 2710 .
1084 2701 1092 2710 .
1126 2669 1176 2710 tu
1209 2678 1313 2709 nos:
1347 2666 1428 2707 aut
1462 2698 1471 2706 .
1508 2698 1516 2706 .
1550 2664 1633 2705 aut
1665 2661 1727 2704 M

154 2733 208 2772 18
239 2727 560 2772 testimonium
591 2728 815 2772 nolebant
846 2725 1034 2770 admitti
1065 2729 1182 2770 wuct.
1218 2738 1368 2768 comm.
1404 2722 1622 2778 Cruquii:
1653 2722 1724 2764 te-

34 2789 207 2832 staffito
240 2787 463 2831 nolebant
491 2787 670 2831 dlmitti
703 2787 776 2840 M,
806 2786 1088 2830 testamento
1120 2784 1343 2828 nolebant
1374 2780 1559 2825 admitti
1593 2795 1621 2835 ς

34 2852 90 2892 20
122 2860 272 2891 cicera
305 2847 367 2890 M
482 2851 536 2890 21
572 2846 716 2890 ediles
747 2846 851 2889 huis
885 2845 947 2888 M
1064 2850 1118 2888 23
1158 2844 1290 2900 large
1325 2842 1535 2884 Persius:
1577 2838 1721 2895 uulgo

35 2907 98 2950 M
186 2911 242 2950 24
273 2906 408 2950 nell&
442 2905 504 2948 M
591 2910 647 2949 25
680 2905 856 2962 dialogi
887 2904 1087 2949 confecit
1120 2904 1201 2946 M:
1242 2901 1481 2957 dialogum
1512 2899 1624 2943 fecit
1651 2899 1725 2942 uel

35 2965 233 3022 confeeit
265 2981 294 3023 ς
438 2970 493 3009 26
526 2977 835 3021 agamemnon
870 2964 931 3007 M
1070 2975 1270 3007 seniores
1305 2961 1363 3004 M
1492 2963 1547 3003 28
1580 2959 1723 3003 conti-

34 3025 297 3070 mutui-*M
