1939 3197
678 97 796 140 oDE
829 97 886 152 11,
921 103 945 141 9
980 99 1027 141 et
1062 103 1129 142 10.
1690 99 1759 151 59

73 232 414 284 flebilibus
469 232 670 284 modis
725 231 977 299 Mysten
1039 232 1400 300 ademptum
1462 251 1575 284 nec
1637 234 1762 286 tibi

77 324 346 374 uespero
410 307 712 374 surgente
775 305 1090 357 decedunt
1151 324 1410 358 amores,
1510 306 1763 374 Mysten

76 397 323 446 semper
376 397 610 448 urgues
672 379 726 430 id
790 382 871 430 est
940 380 1165 432 instanti
1220 381 1456 447 querella
1510 381 1761 448 quereris,

75 454 326 520 [uespero
353 455 640 522 surgente]
711 470 976 520 uespero
1018 454 1310 522 fugiente
1351 454 1547 505 solem
1586 454 1640 505 id
1680 458 1762 506 est

74 526 351 595 orientem,
377 545 497 578 cum
521 526 727 594 Uesper
752 527 906 578 stella
932 527 1083 594 quasi
1107 527 1307 595 refugit
1338 526 1393 578 id
1432 531 1514 579 est
1553 528 1760 579 occidit.
1786 542 1805 573 5

173 601 239 651 13
274 604 337 652 at
367 619 492 653 non
522 603 619 652 ter
651 618 805 651 aeuo
838 600 1113 652 functus,
1167 599 1455 652 Nestorem
1481 601 1763 670 significat,

75 673 169 740 qui
207 674 438 726 traditur
476 675 647 726 tribus
685 674 908 725 saeculis
933 675 1143 726 uixisse.
1206 674 1557 726 Antilochum
1582 678 1764 727 autem

72 744 321 799 Nestoris
360 749 524 800 fuisse
563 748 733 799 filium
771 750 960 800 notum
1002 751 1095 799 est.
1236 749 1301 799 17
1352 748 1569 799 desine
1609 750 1762 800 mol-

73 819 231 871 lium
271 823 716 889 querellarum.
816 821 1030 872 desine
1080 821 1513 889 querellarum
1559 820 1763 874 Graeca

74 893 344 946 locutione
391 895 684 964 figuratum
732 897 825 946 est.
926 896 1166 962 alioquin
1212 913 1309 947 nos
1353 894 1550 947 edesine
1592 895 1761 963 queri'
1789 911 1830 942 10

72 966 314 1019 dicimus.
465 970 536 1021 20
593 971 651 1019 et
705 968 983 1037 rigidum
1033 968 1375 1037 Niphaten.
1475 969 1761 1021 Armeniae

73 1059 230 1093 mons
287 1046 389 1110 est,
442 1043 499 1094 in
553 1061 656 1110 quo
703 1060 901 1111 magna
946 1043 1151 1112 frigora
1214 1045 1351 1095 sunt.
1503 1043 1571 1094 21
1636 1042 1761 1095 Me-

75 1114 343 1183 dumque
374 1116 615 1168 flumen
648 1117 948 1185 gentibus
977 1117 1260 1169 additum
1284 1116 1491 1168 uictis.
1549 1117 1763 1168 uidetur

72 1187 391 1256 Euphraten
436 1190 717 1242 Medorum
773 1191 1087 1259 significare.
1183 1209 1341 1259 quem
1388 1191 1463 1241 ait
1510 1191 1760 1259 gentibus

73 1263 233 1314 uictis
289 1264 528 1315 additum
584 1282 721 1331 6336,
774 1264 829 1315 111
885 1268 984 1331 est,
1041 1265 1105 1315 ad
1159 1282 1441 1316 numerum
1494 1265 1762 1316 uictarum
1787 1277 1828 1310 15

76 1336 317 1403 gentium
358 1338 656 1389 accessisse.
720 1340 773 1388 et
812 1337 1096 1389 additum
1135 1338 1328 1390 uictis
1367 1338 1575 1405 poetice
1609 1339 1763 1405 quasi

74 1409 247 1461 fracta
288 1412 357 1461 sit
395 1411 593 1463 ferocia
630 1412 861 1479 impetus
903 1412 1031 1480 61113,
1068 1415 1355 1480 postquam
1394 1412 1567 1463 uictus
1605 1413 1687 1464 sit.

765 1571 885 1615 ODE
919 1576 959 1626 2,
996 1577 1063 1615 10.

224 1662 487 1714 Rectius
549 1663 729 1714 uiues
800 1662 1021 1714 Licini.
1146 1661 1248 1713 hac
1319 1655 1437 1732 ᾠδῇ
1499 1660 1763 1713 Licinium

75 1735 375 1805 [Valgium]
403 1737 722 1804 adloquitur,
748 1736 1039 1789 admonens
1056 1736 1416 1804 periculosum
1435 1753 1548 1786 esse
1566 1752 1763 1805 magna
1788 1750 1831 1782 20

73 1813 336 1878 temptare
386 1810 752 1878 optimumque
800 1829 914 1861 esse
961 1810 1166 1861 mediae
1213 1809 1357 1860 uitae
1399 1812 1614 1861 statum.
1733 1810 1760 1859 1

73 1902 277 1952 neque
334 1885 530 1936 altum
587 1902 832 1952 semper
885 1884 1229 1953 urguendo.
1323 1883 1602 1951 allegoria,
1658 1901 1763 1950 qua

76 1958 370 2027 significat:
400 1976 582 2026 neque
622 1976 820 2027 magna
858 1958 1019 2009 nimis
1059 1956 1373 2025 adpetenda,
1413 1975 1512 2008 nec
1550 1974 1765 2007 rursum

75 2031 204 2083 dum
249 2033 486 2100 pericula
530 2033 722 2083 timeas
769 2033 909 2083 inter
957 2032 1232 2099 angustias
1277 2030 1495 2081 humilis
1544 2047 1604 2080 66
1653 2047 1763 2081 sor-

73 2104 230 2156 didae
270 2107 413 2157 uitae
454 2106 789 2158 continearis,
913 2106 949 2155 4
987 2105 1143 2156 litus
1182 2104 1482 2171 iniquum.
1558 2103 1763 2170 pericu-
1788 2118 1831 2151 25

74 2178 251 2230 losum
319 2182 538 2247 propter
605 2179 967 2230 humilitatem
1034 2178 1296 2230 Uadorum
1370 2177 1482 2228 siue
1543 2179 1765 2245 propter

73 2270 226 2320 saxa3
284 2253 375 2304 3611
432 2256 485 2304 et
537 2253 664 2320 1166,
717 2255 778 2304 ut
828 2252 957 2320 dixi,
1013 2252 1328 2320 allegoricos
1380 2251 1765 2318 accipiendum.

229 2327 257 2378 7
301 2330 474 2378 caret
512 2326 858 2379 inuidenda
899 2326 1150 2377 sobrius
1192 2326 1351 2377 aula.
1427 2325 1485 2376 in
1523 2324 1626 2377 hoc
1666 2343 1763 2376 so-

74 2400 252 2452 brius
298 2400 354 2452 id
401 2403 482 2452 est
530 2401 766 2468 sapienS‚
822 2400 964 2468 quod
1012 2402 1191 2451 careat
1236 2398 1584 2450 inuidenda
1641 2398 1764 2449 aula

73 2474 129 2525 id
171 2477 252 2526 est
300 2474 567 2526 inuidiosa
612 2475 880 2526 honorum
929 2474 1272 2525 sublimitate.
1424 2473 1456 2524 9
1507 2472 1762 2539 saepius
1787 2487 1831 2520 30

76 2547 291 2599 uentis
333 2566 378 2604 a.
416 2548 448 2600 i.
487 2567 537 2616 p.
613 2566 709 2616 per
746 2548 879 2599 haec
920 2551 973 2599 et
1012 2566 1147 2615 quae
1189 2547 1428 2599 subiecta
1461 2548 1599 2614 sunt,
1639 2545 1763 2596 alle-

75 2621 288 2689 goricos
345 2622 633 2690 significat,
691 2622 884 2674 altiora
947 2639 1186 2689 quaeque
1247 2621 1528 2673 hominum
1590 2618 1763 2686 magis

199 2830 221 2868 1
255 2825 485 2868 flemhbus
517 2826 680 2881 modys
716 2826 778 2868 M
897 2830 922 2868 5
956 2826 1133 2869 oriente
1167 2825 1230 2867 M
1349 2829 1372 2867 7
1407 2823 1573 2867 seculis
1608 2823 1671 2865 M

75 2884 375 2928 Aantilocum
408 2885 470 2926 M
616 2890 641 2927 9
676 2884 990 2943 querellarum
1021 2885 1090 2927 bis
1124 2884 1187 2926 M
1325 2896 1463 2941 grece
1498 2882 1560 2924 M
1709 2886 1763 2924 11

75 2942 255 2986 mfaten
282 2943 346 2986 M
435 2948 489 2986 14
514 2943 725 2987 eufraten
751 2943 815 2986 M
902 2948 958 2987 20
989 2942 1214 2999 Ualgium
1244 2955 1299 2986 ex
1323 2942 1562 2998 principio
1589 2941 1765 2997 prioris

77 3003 190 3046 odae
219 3003 401 3046 illatum
432 3002 579 3046 cleleui
699 3007 753 3045 29
786 3002 947 3045 inuida
979 3002 1087 3046 aula
1120 3002 1183 3044 M
