1939 3197
101 154 172 206 22
720 153 838 197 ODE
871 152 905 207 I,
940 156 993 196 16
1027 154 1075 196 et
1108 157 1176 196 17.

102 291 218 359 quit
255 289 532 342 iracundia
573 289 749 341 calore
789 288 1042 341 iuuentae
1082 287 1256 357 magis
1289 305 1513 340 accensa
1545 288 1794 343 incitauit

99 365 159 416 in
207 364 429 416 iambos.
505 362 671 415 iambi
726 365 905 414 autem
966 380 1180 415 uersus⁴
1209 362 1472 430 aptissimi
1526 362 1796 417 habentur

102 439 170 490 ad
218 437 659 490 maledicendum.
738 436 966 505 denique
1019 440 1072 489 et
1113 435 1406 489 Catullus
1462 454 1583 488 cum
1633 439 1795 491 male-

102 513 245 565 dicta
299 512 595 564 minaretur
651 511 726 563 sic
781 511 878 563 ait:
950 511 1032 563 At
1093 529 1220 563 non
1282 510 1562 579 effugies
1624 530 1793 565 meos

56 599 77 632 5
102 587 364 638 iambos.
517 586 585 637 27
643 585 766 637 fias
822 585 1180 637 recantatis
1237 585 1453 636 amica
1528 588 1795 639 recautari

98 661 298 743 probra
339 660 613 728 dicuntur,
653 677 774 712 cum
814 660 1083 712 contraria
1122 658 1335 728 probris
1378 658 1617 711 carmina
1649 659 1794 713 fiunt

97 735 157 786 in
197 753 333 822 eum
374 735 458 786 cui
498 734 848 786 maledixeris
1683 760 1686 764 ·

800 894 918 938 ODE
957 899 1099 951 1,17.

247 985 449 1039 Uelox
491 1004 821 1038 amoenum
863 1003 1050 1054 saepe
1090 967 1497 1057 Lucretilem.
1569 959 1633 1038 et
1655 964 1796 1039 haec

33 1081 76 1114 ιο
98 1047 199 1115 ode
241 1061 308 1112 ad
348 1060 694 1129 Tyndariden
735 1061 999 1128 scribitur
1055 1061 1139 1112 cui
1160 1060 1336 1130 plene
1377 1058 1633 1128 cupiens
1622 1061 1793 1113 satis-

98 1130 276 1188 facere
315 1138 476 1204 poeta
514 1135 713 1187 inuitat
752 1152 869 1187 eam
909 1134 988 1186 in
1018 1134 1246 1199 fundum
1299 1152 1476 1201 suum,
1529 1151 1687 1202 quem
1736 1135 1795 1187 in

99 1208 315 1263 Sabinis
354 1209 606 1260 habebat.
726 1210 753 1260 1
796 1209 986 1260 uelox
1028 1227 1358 1262 amoenum
1400 1225 1586 1275 saepe
1627 1207 1685 1261 L.
1724 1228 1792 1261 m.

96 1283 135 1336 f.
181 1283 213 1335 i.
260 1282 296 1334 f.
375 1301 437 1334 ea
490 1283 666 1351 figura
719 1282 823 1334 hoc
879 1283 1080 1335 dictum
1137 1286 1248 1352 est,
1305 1299 1410 1350 qua
1464 1282 1597 1334 illud
1653 1283 1795 1350 apud

96 1356 485 1427 Uergilium:
527 1355 880 1410 Chaoniam
920 1357 1148 1426 pingui
1188 1356 1487 1427 glandem
1517 1357 1797 1409 mutauit

32 1450 75 1484 15
100 1432 326 1500 arista3
369 1449 556 1484 sensus
591 1434 673 1483 est
705 1432 863 1484 alter:
904 1430 1091 1483 relicto
1117 1430 1327 1500 Lycaeo
1360 1432 1543 1482 monte
1575 1429 1794 1484 Faunus

96 1507 156 1558 in
186 1505 511 1558 Lucretilem
541 1505 706 1557 uenit.
766 1505 1049 1557 Lucretilis
1082 1509 1262 1558 autem
1294 1522 1450 1557 mons
1489 1504 1547 1555 in
1579 1502 1796 1559 Sabinis

100 1583 195 1633 est.
340 1580 373 1631 3
431 1579 723 1631 defendit
779 1582 1105 1631 aestatem.
1183 1580 1259 1631 ita
1316 1579 1518 1630 dictum
1574 1581 1657 1630 est
1709 1582 1793 1632 ut:

100 1653 472 1707 Solstitium
532 1654 751 1722 pecori
815 1653 1176 1721 defendite3
1247 1653 1519 1723 significat
1588 1654 1792 1706 autem:

97 1728 394 1797 prohibete.
512 1729 540 1779 7
584 1728 823 1780 olentis
863 1745 1091 1780 uxores
1132 1728 1364 1779 mariti.
1440 1729 1668 1779 uenuste
1708 1745 1795 1780 ca-

31 1822 76 1855 20
98 1821 224 1872 pras
264 1802 394 1854 dicit
439 1819 630 1854 uxores
679 1802 873 1854 olentis
919 1801 1123 1869 mariti,
1178 1803 1302 1870 quia
1355 1800 1512 1868 hirci,
1567 1819 1795 1868 quorum

97 1895 291 1930 uxores
333 1879 474 1944 sunt,
513 1877 652 1928 male
686 1877 834 1928 olent
864 1876 918 1928 id
952 1879 1033 1928 est
1079 1876 1299 1928 faetent.
1385 1875 1624 1928 olentis
1665 1892 1794 1945 ergo

98 1969 211 2003 non
243 1951 557 2019 simpliciter
589 1950 959 2018 accipiendum
994 1950 1086 2002 sed
1119 1969 1216 2018 pro
1260 1950 1525 2019 egrauiter
1557 1949 1751 2001 olentis
1763 1948 1795 2018 '‚

99 2028 161 2077 ut
199 2025 333 2077 illud
373 2028 476 2076 est:
533 2023 681 2076 Alia
723 2025 1199 2093 serpyllumque
1239 2024 1469 2076 herbas
1522 2025 1794 2075 contun-

102 2100 195 2151 dit
243 2099 508 2151 olentes.
590 2096 836 2164 [Subtilis
877 2101 931 2150 et
967 2099 1168 2165 tenuis]
1217 2095 1434 2166 λιτότης
1474 2099 1556 2149 est
1596 2096 1794 2165 σχῆμα,

35 2192 80 2226 25
104 2191 226 2225 cum
264 2172 442 2225 minus
484 2173 700 2242 dicitur,
746 2173 867 2241 plus
907 2173 1262 2242 intellegitur,
1311 2190 1371 2224 ac
1412 2172 1458 2224 si
1497 2170 1642 2223 dicas
1682 2188 1795 2224 non

99 2246 377 2299 indoctum
438 2246 713 2298 hominem
779 2265 937 2315 quem
999 2246 1134 2299 uelis
1189 2246 1501 2316 intellegere
1551 2243 1794 2297 doctissi-

100 2339 263 2373 mum.
384 2320 417 2371 9
466 2338 580 2372 nec
625 2319 949 2372 Martialis
1002 2320 1342 2372 haediliae.
1419 2323 1473 2371 et
1517 2318 1605 2370 hic
1662 2317 1794 2370 tme·

99 2394 289 2448 tuunt'
347 2394 700 2461 audiendum⁷
764 2394 889 2463 quia
942 2394 1018 2446 sic
1066 2412 1120 2445 se
1175 2393 1340 2446 habet
1395 2410 1615 2460 30113113,
1670 2389 1794 2444 ‘nec

100 2469 349 2521 colubras
390 2471 637 2520 metuunt
675 2468 938 2520 haediliae
977 2485 1077 2520 nec
1115 2466 1316 2536 lupos',
1355 2485 1489 2535 quos
1528 2465 1796 2518 Martia-

220 2635 248 2673 4
281 2628 379 2673 Cat.
413 2628 530 2684 frag.
567 2633 588 2671 1
626 2627 695 2682 (L.
728 2628 912 2684 Mffller)
1047 2633 1101 2671 14
1134 2627 1300 2683 Georg.
1339 2632 1375 2682 1,
1410 2632 1435 2671 8
1568 2631 1621 2671 18
1654 2625 1796 2682 Verg.

96 2689 211 2732 Β110.
245 2693 283 2743 7,
317 2693 373 2731 47
496 2692 551 2730 23
585 2686 720 2743 Verg.
754 2687 862 2731 Β110.
897 2693 936 2743 2,
974 2692 1024 2731 11

224 2841 246 2877 1
280 2835 471 2894 iubente
507 2835 569 2878 M
673 2839 698 2878 5
730 2834 948 2879 r&antar1
977 2835 1126 2891 proba
1159 2834 1222 2877 M
1323 2839 1346 2877 7
1381 2833 1475 2877 cui:
1510 2847 1615 2876 cum
1648 2831 1712 2874 M

105 2897 160 2937 12
193 2892 251 2936 L.
284 2908 302 2936 1
334 2894 396 2936 M
496 2899 549 2937 15
583 2893 721 2938 aliter
754 2895 910 2951 Ρααῖ3]
1023 2894 1156 2949 lyceo
1191 2893 1254 2936 M
1344 2897 1397 2937 18
1431 2891 1703 2936 solistitium
1737 2889 1801 2932 M

225 2958 278 2996 19
312 2965 457 2996 11011113
492 2953 555 2996 M
664 2958 722 2997 24
754 2958 859 2998 ante
892 2953 1078 2997 subtilis
1111 2951 1317 2996 lemma‘
1330 2965 1416 2995 nec
1447 2948 1688 2994 metuunt'
1724 2949 1797 2992 uel

109 3009 325 3055 ‘uiridis’
353 3016 564 3066 pomam,-
594 3025 677 3056 ‘nos
712 3012 924 3057 ‘subtilis
950 3013 998 3056 et
1020 3011 1197 3056 tenuis’
1225 3010 1644 3067 interpretationem
1666 3007 1798 3051 uerbi

102 3064 286 3125 λιτότης
317 3070 564 3115 deleuimus
595 3072 652 3126 cf.
686 3073 811 3128 epod.
843 3076 917 3125 10,
949 3075 981 3116 2
1104 3075 1159 3114 27
1194 3074 1235 3114 et
1266 3075 1322 3114 29
1356 3068 1556 3113 aedfliae
1590 3067 1653 3111 M

1932 2914 1939 2936 1

1929 2940 1939 2991 ,1
