1939 3197
589 52 889 97 EPISTULA
919 53 953 110 Ι,
989 58 1055 107 18,
1091 58 1248 97 8—14.
1668 53 1779 107 295

85 207 326 256 manere,
374 189 516 258 quod
556 189 691 240 cutis
732 192 826 240 est.
905 188 1201 240 dentibus
1244 207 1289 239 a.
1315 188 1541 240 sordidis
1576 189 1779 242 scilicet

91 265 158 316 ab
198 264 421 315 incultU.
574 263 605 315 8
659 263 800 314 dum
855 263 994 313 uult
1048 263 1336 314 libertas.
1413 263 1584 314 facete
1636 265 1777 315 uult¹

90 338 240 405 dixit,
279 336 405 405 quia
444 354 555 388 non
596 336 815 403 sufficit,
865 336 1007 404 quod
1046 336 1207 404 cupit.
1324 337 1352 387 7
1409 339 1598 388 tonsa
1637 339 1777 388 cute

6 406 12 410 ”
90 410 398 463 dentibus
440 429 484 462 a.
562 409 1003 462 characterismos
1043 410 1279 462 hominis
1312 410 1482 462 tristis
1509 412 1562 461 et
1595 411 1777 461 amari.

239 484 271 535 9
324 484 533 535 uirtus
586 486 682 535 est
719 484 988 535 medium
1020 484 1341 535 uitiorum.
1415 478 1631 552 Ἀρετὴ
1672 500 1822 552 gae-5

86 554 365 625 τριότης.
440 557 758 626 utrimque
798 557 1140 609 reductum.
1195 557 1382 625 uirtus,
1414 557 1603 626 inquit,
1640 558 1780 609 inter

92 632 363 684 contraria
417 631 551 682 uitia
604 631 681 683 ita
732 631 889 683 debet
933 631 990 682 in
1029 630 1202 683 medio
1260 631 1362 682 sita
1414 649 1551 700 esse,
1611 634 1675 682 ut
1712 633 1778 683 ab

89 708 316 772 utroque
357 705 576 757 crimine
615 705 933 757 tantundem
972 707 1180 756 remota
1205 705 1287 756 sit.
1406 705 1473 756 10
1514 705 1677 756 alter
1715 705 1781 756 in

15 789 20 794 ”
91 779 466 846 obsequium
504 779 661 846 plus
740 778 1026 845 descriptio
1068 777 1422 830 adsentatoris
1449 796 1779 846 scurraeque.

92 855 154 904 et
191 853 300 903 imi
341 853 587 904 derisor
625 852 794 904 lecti.
851 852 1006 904 ordo:
1049 854 1101 902 et
1140 851 1233 902 imi
1272 852 1396 903 lecti
1433 853 1639 904 derisor.
1686 853 1781 904 ima·
1807 868 1848 898 10

90 927 206 978 lecti
244 926 518 977 accubitor
558 929 639 978 est
679 944 887 994 semper
927 925 1130 977 derisor
1171 925 1328 977 amici
1360 926 1456 977 sui.
1534 925 1782 978 derisor

91 1002 274 1051 autem
314 1000 526 1067 dicitur,
589 1000 680 1068 qui
731 1018 795 1051 ex
850 999 1105 1068 obsequio
1160 999 1345 1051 laudat
1395 1002 1582 1052 contra
1622 1018 1783 1068 quam

11 1128 14 1129 ⁷
94 1073 271 1125 sentit.
365 1074 439 1126 sic
509 1074 637 1125 alibi
703 1072 968 1125 Derisor
1028 1090 1170 1125 uero
1224 1074 1366 1141 plus
1443 1073 1781 1126 laudatore

99 1149 405 1199 mouetur.
511 1148 584 1199 sic
645 1165 744 1217 ego
808 1148 997 1199 melius
1059 1147 1315 1216 intellego
1379 1148 1445 1199 ab
1507 1147 1615 1215 his,
1693 1147 1783 1216 qui

89 1223 286 1289 putant
360 1222 751 1289 metonymicos
829 1221 1030 1272 dictum
1106 1220 1200 1272 imi
1282 1221 1408 1273 lecti
1492 1221 1782 1273 derisorem
1809 1235 1850 1267 15

92 1313 190 1362 pro
263 1312 446 1347 eorum
523 1295 835 1362 derisorem,
913 1295 1003 1363 qui
1071 1294 1128 1345 in
1189 1295 1296 1347 imo
1374 1296 1512 1346 lecto
1577 1312 1784 1346 accum-

95 1369 251 1437 bant,
311 1369 365 1419 id
406 1370 508 1437 est,
572 1369 907 1421 dominorum
964 1368 1211 1421 conuiuii.
1289 1387 1417 1420 nam
1465 1369 1522 1420 in
1575 1387 1783 1420 summo

92 1445 148 1493 et
200 1443 258 1493 in
307 1442 482 1494 medio
536 1443 713 1510 amici,
764 1444 820 1494 in
858 1443 966 1494 imo
1005 1460 1099 1494 rex
1144 1443 1258 1510 ipse
1300 1442 1599 1494 discumbit.
1718 1444 1781 1493 11

23 1524 26 1525 ’
92 1516 184 1568 sic
238 1519 461 1568 nutum
517 1517 757 1568 diuitis,
834 1517 922 1568 hic
962 1516 1406 1568 characterismos
1448 1516 1786 1568 adulatorum

96 1593 192 1642 est.
348 1591 415 1641 12
478 1590 675 1642 iterat
736 1608 925 1642 uoces
981 1593 1041 1642 et
1094 1590 1290 1642 uerba
1335 1590 1437 1642 hoc
1478 1592 1581 1642 est:
1624 1591 1785 1642 etiam
1810 1605 1852 1636 20

99 1664 242 1731 quod
281 1664 398 1715 leue
440 1664 640 1716 dictum
681 1667 776 1732 est,
814 1664 1010 1732 repetit
1049 1667 1102 1715 et
1142 1665 1323 1716 omnia
1361 1664 1527 1716 uerba
1566 1664 1786 1733 colligit,

96 1755 168 1788 ne
208 1737 323 1789 sine
361 1738 518 1790 laude
561 1739 671 1790 sint
711 1738 867 1807 dicta,
907 1756 967 1790 ac
999 1756 1095 1806 per
1119 1737 1243 1790 hoc:
1286 1738 1415 1790 dicit
1441 1738 1626 1790 eadem
1651 1756 1785 1807 quae

96 1811 186 1862 ille
227 1811 419 1863 dixerit
458 1814 511 1863 et
548 1812 759 1864 nullum
797 1812 1022 1864 uerbum
1053 1830 1166 1864 non
1191 1812 1501 1880 admiratur,
1541 1811 1785 1880 quamuis

91 1885 365 1937 interdum
406 1886 518 1937 eius
557 1886 703 1938 modi
743 1887 834 1953 sit,
888 1889 949 1937 ut
988 1886 1236 1937 ceciderit
1276 1904 1366 1938 ore
1406 1886 1586 1954 potius
1627 1904 1787 1953 quam

93 1959 166 2010 sit
204 1959 457 2010 meditate
498 1960 872 2028 sapienterque
905 1960 1190 2027 prolatum.
1310 1960 1376 2011 13
1416 1961 1484 2010 ut
1522 1977 1784 2026 puerum
1809 1974 1855 2006 25

97 2050 290 2085 saeuo
344 2032 577 2084 credas,
656 2034 851 2084 mirum
902 2037 956 2085 et
1004 2033 1238 2085 facetum
1286 2033 1601 2101 exemplum.
1719 2033 1788 2084 14

95 2107 197 2157 uel
235 2107 441 2174 partis
482 2107 734 2159 mimum
772 2110 957 2159 tract.
991 2125 1029 2159 s.
1061 2109 1224 2174 recte3
1266 2106 1620 2159 secundarum
1646 2106 1789 2158 enim

92 2180 332 2263 partium
388 2183 594 2233 actores
652 2181 832 2233 omnia
888 2181 1166 2233 summisse
1217 2183 1410 2250 agunt3
1474 2180 1550 2232 sic
1589 2178 1788 2233 Cicero:

103 2252 186 2304 Ut
239 2254 305 2304 in
356 2255 688 2307 actoribus
729 2248 989 2307 Graecis
1028 2254 1180 2306 fieri
1234 2254 1545 2323 uidemUS,
1600 2272 1788 2323 saepe

219 2420 270 2458 13
304 2415 357 2458 A.
390 2430 435 2471 p.
469 2420 554 2459 433
693 2421 748 2460 28
782 2415 887 2459 Diu.
919 2415 968 2458 in
1002 2413 1053 2467 Q.
1087 2414 1340 2458 Caecilium
1371 2419 1395 2468 ξ
1427 2419 1484 2458 45

221 2552 246 2590 5
271 2547 513 2591 uitiorum:
547 2550 618 2592 uti
651 2549 713 2591 M
801 2554 825 2592 9
854 2561 1130 2603 scurraeque
1161 2561 1265 2592 nos:
1297 2562 1456 2592 curare
1483 2549 1546 2591 M
1636 2553 1689 2592 10
1715 2548 1791 2591 de-

95 2619 288 2649 risorem
322 2607 385 2649 M
475 2608 584 2651 haec
613 2621 716 2651 nos:
761 2608 872 2652 lecti
915 2607 1204 2651 accubltores
1248 2621 1430 2663 semper
1468 2607 1646 2651 derisor
1678 2621 1790 2650 ami-

7 2703 10 2705 ,
101 2679 169 2708 cis
200 2665 372 2709 uideris
398 2667 569 2722 autem,
601 2671 642 2710 et
665 2667 703 2710 sc
727 2667 1002 2722 obsequium
1035 2667 1098 2709 M
1187 2671 1240 2710 13
1272 2666 1466 2709 laudore
1493 2667 1556 2709 M
1647 2670 1701 2709 14
1726 2665 1792 2709 sic

97 2724 288 2777 addidi;
319 2738 457 2781 ego..
491 2725 581 2782 (18)
601 2725 852 2770 discumbit
875 2729 983 2782 post
1012 2726 1101 2770 sch.
1134 2740 1179 2769 u.
1213 2730 1243 2770 8
1273 2729 1382 2769 sunt
1412 2726 1465 2768 in
1483 2725 1544 2767 M
1605 2729 1658 2768 17
1685 2738 1791 2768 con-

7 2825 19 2829 »
98 2812 238 2841 muns
272 2798 334 2841 M
461 2804 514 2843 18
561 2799 814 2844 discumbit
845 2802 872 2841 h
906 2801 949 2843 d.
987 2800 1082 2853 (hic
1112 2800 1249 2853 deest)
1283 2800 1346 2842 M
1471 2804 1524 2842 19
1581 2797 1792 2841 dluldltls

100 2857 164 2899 M
251 2862 308 2900 20
339 2858 494 2902 uerb1s
528 2858 591 2901 M
678 2864 733 2902 23
767 2858 886 2902 dixit
918 2859 1075 2915 Pauly
1166 2858 1450 2902 adm1ramur
1493 2857 1556 2900 M
1643 2861 1700 2899 24
1732 2856 1794 2899 sit

0 2947 18 2973 ,4
97 2916 152 2958 ut
183 2915 408 2960 exciderit
438 2916 549 2960 liber
582 2917 714 2961 Peto-2·
742 2917 980 2962 Danielis:
1025 2918 1176 2961 Situnc
1209 2917 1431 2960 cec1der1t
1463 2916 1527 2958 M
1637 2920 1693 2959 26
1725 2915 1794 2958 fa-

0 2980 15 3033 5ss
96 2987 233 3017 ceum
267 2975 330 3017 M
417 2981 473 3019 27
507 2989 714 3020 animum
752 2978 814 3020 M
908 2982 964 3022 28
999 2976 1157 3021 Cicero
1190 2978 1307 3033 (010.)
1341 2975 1505 3020 addidi
