1939 3197
732 45 982 90 EPODON
1014 51 1054 91 5.
1644 47 1750 100 153

60 185 216 235 nato
249 201 384 236 cum
409 182 603 234 semel
626 181 793 234 fixae
820 181 918 233 cib
932 199 962 234 o
987 181 1429 234 intabuissent
1452 184 1749 251 pupulae:

60 256 199 308 fixae
239 257 373 309 cibo.
485 256 553 307 41
596 274 723 308 non
763 255 1044 308 defuisse
1090 256 1409 308 masculae
1455 256 1749 310 libidinis

61 328 177 381 Ari
188 331 314 382 min
326 348 352 383 e
363 348 400 381 n
411 348 434 381 s
446 347 472 381 e
484 348 539 381 m
577 329 619 381 F
630 330 717 382 oli
731 348 837 381 am.
916 329 1045 381 dicit
1084 329 1246 381 etiam
1283 329 1493 382 Foliam
1531 331 1749 383 nomine

62 404 358 456 ueneficam
407 403 532 455 huic
586 404 770 455 sceleri
824 403 1144 456 interfuisse.
1237 404 1378 472 quod
1442 404 1518 455 ait
1571 408 1750 456 autern

62 478 384 529 masculae
446 477 743 529 libidinis
807 477 874 528 ad
913 477 968 528 id
1006 477 1260 546 pertinet,
1322 478 1465 545 quod
1505 478 1751 530 dicantur
1773 491 1794 524 5

64 551 327 618 quaedam
367 551 613 619 mulieres
660 552 857 603 habere
897 555 1074 603 contra
1118 554 1369 603 naturam
1416 555 1749 604 monstrosae

64 624 302 677 libidinis
344 625 686 678 concubitum
725 643 839 678 cum
877 625 1105 677 feminis,
1184 643 1288 693 quo
1329 626 1548 677 crimine
1587 627 1751 678 etiam

63 695 284 766 Sappho
325 700 462 751 male
511 700 692 751 audiit.
805 700 876 751 43
918 702 978 750 et
1029 699 1159 751 otio
1173 717 1239 750 sa
1279 700 1551 751 credidit
1588 698 1750 752 Nea-

59 789 97 840 p
110 772 247 824 olis,
323 773 536 825 uidetur
577 773 878 842 significare
919 773 1090 824 scelus
1128 772 1232 824 hoc
1265 771 1494 841 Neapoli
1533 773 1750 826 factum.

63 862 206 913 nam,
246 849 305 897 ut
346 865 507 915 supra
547 847 792 915 diximuS‚
816 845 1059 898 Gratidia
1089 846 1222 898 11366
1246 845 1609 915 Neapolitana
1631 847 1750 900 fuit.
1776 862 1817 893 1⁰

51 916 347 988 Neapolim
402 924 581 973 autem
635 921 865 974 otiosam
892 951 898 955 -
916 938 1015 988 pro
1072 919 1086 942 ³
1101 920 1338 988 quietam
1349 919 1364 941 '
1421 921 1554 973 dixit
1592 921 1751 974 simul

61 993 188 1061 quia
241 994 429 1047 otiosis
480 995 534 1046 id
574 998 655 1047 est
693 995 836 1047 uitae
877 994 1154 1062 quietioris
1193 995 1502 1062 aptissimus
1541 996 1631 1047 ille
1672 1013 1749 1047 se-

62 1085 244 1119 cessus
270 1071 363 1120 est.
449 1070 517 1120 47
553 1068 653 1121 1116
685 1069 1074 1120 inresectum
1107 1087 1297 1120 saeua
1329 1069 1515 1121 dente
1548 1069 1749 1122 liuido

64 1138 292 1193 Canidi
306 1161 337 1193 a
390 1143 621 1195 rodens
676 1144 993 1210 pollicem'.
1069 1161 1167 1211 pro
1199 1143 1275 1194 rei
1308 1143 1589 1195 atrocitate
1614 1143 1750 1195 mira

60 1214 194 1266 haec
235 1216 398 1280 [idem
436 1217 699 1285 positura]
754 1216 980 1285 epithesi
1027 1219 1346 1284 asperantur
1401 1216 1415 1238 ³
1426 1217 1749 1269 inresectum
1773 1231 1815 1265 15

59 1288 309 1356 pollicem
319 1289 336 1309 '
391 1293 445 1341 et
492 1290 505 1312 ³
518 1308 678 1342 saeua
718 1290 875 1342 dente
915 1290 1080 1342 liuido
1091 1289 1123 1342 ⁷.
1200 1291 1291 1342 sed
1330 1291 1462 1342 illud
1517 1291 1750 1360 attende,

59 1365 122 1413 ut
183 1362 388 1415 duabus
450 1364 937 1432 praepositionibus
991 1368 1318 1434 exaggerata
1373 1365 1443 1416 sit
1494 1364 1748 1418 facinoris

60 1437 341 1489 atrocitas:
381 1439 445 1489 in
456 1457 482 1488 r
492 1456 518 1489 e
530 1457 554 1490 s
566 1457 592 1490 e
605 1441 707 1490 ctu
717 1457 771 1489 m
810 1457 907 1506 pro
950 1437 964 1459 ³
975 1438 1131 1489 ualde
1165 1442 1217 1490 et
1257 1439 1468 1507 saepius
1509 1438 1749 1492 sectum’.

208 1511 278 1562 49
344 1511 491 1579 quid
547 1512 711 1563 dixit
766 1515 873 1564 aut
921 1512 1069 1580 quid
1115 1513 1335 1565 tacuit.
1414 1530 1602 1566 sensus
1642 1516 1748 1565 est:

59 1600 196 1651 quae
250 1586 450 1637 scelera
501 1604 645 1637 nunc
697 1585 830 1637 dixit
881 1589 974 1637 aut
1024 1604 1158 1654 quae
1207 1586 1418 1639 silentio
1458 1587 1748 1655 praeterire
1772 1603 1816 1635 20

59 1657 273 1725 potuit?
386 1659 457 1710 49
514 1678 544 1712 o
596 1660 780 1711 rebus
835 1660 989 1712 meis
1044 1678 1170 1712 non
1221 1660 1524 1713 infideles
1580 1661 1748 1713 arbi-

52 1733 119 1782 ‘tr
129 1749 160 1782 a
169 1750 211 1784 e.
287 1733 413 1785 hinc
452 1734 560 1785 iam
601 1731 855 1786 Canidiae
895 1734 1060 1786 uerba
1100 1738 1239 1787 sunt.
1353 1734 1423 1787 53
1478 1754 1515 1786 n
1527 1754 1561 1786 u
1571 1754 1607 1787 n
1619 1754 1645 1788 c
1684 1736 1750 1787 in

57 1803 333 1858 hostiles
407 1807 626 1860 domus
703 1808 862 1859 iram
935 1811 1124 1876 atque
1197 1827 1427 1860 numen
1496 1810 1749 1862 uertite.

57 1876 206 1932 Uaro
230 1881 362 1933 haec
386 1881 707 1950 inprecatur⁷
747 1900 778 1933 a
811 1900 914 1950 quo
946 1881 1337 1934 fastidiebatur.
1452 1882 1521 1935 59
1564 1902 1597 1952 q
1606 1902 1641 1934 u
1651 1884 1709 1935 al
1719 1902 1747 1935 6

59 1970 188 2005 11011
241 1955 595 2022 perfectius
646 1974 817 2007 meae
879 1956 1243 2007 laborarint
1303 1975 1539 2008 manus.
1621 1957 1748 2009 hinc
1771 1972 1813 2005 25

60 2026 197 2078 scias
235 2028 399 2096 illam,
438 2032 498 2080 ut
538 2029 780 2096 diximuS‚
818 2030 1235 2098 unguentariam
1271 2029 1452 2081 fuisse.
1530 2031 1746 2083 attende

60 2103 240 2152 autem
282 2103 636 2154 elocutionem
691 2103 749 2154 in
800 2103 1113 2155 soloecismo
1169 2103 1518 2155 constitutam
1573 2103 1748 2173 ³quale

57 2191 173 2226 non
218 2174 506 2243 perfectius
517 2175 548 2245 ³,
599 2195 720 2228 cum
776 2177 846 2228 sit
896 2177 1201 2228 dicendum:
1266 2196 1370 2245 quo
1417 2196 1529 2230 non
1575 2178 1746 2246 perfe-

57 2247 214 2300 ctius,
329 2250 396 2301 61
448 2250 595 2318 quid
636 2250 768 2302 acci
782 2250 889 2302 dit.
967 2268 1074 2302 cur
1113 2250 1248 2302 dira
1287 2251 1596 2304 barbarae
1636 2253 1746 2304 mi-

55 2338 143 2373 nu
155 2340 178 2373 s
233 2342 267 2374 u
279 2341 306 2375 e
316 2342 353 2375 11
363 2342 390 2375 6
400 2342 437 2375 11
448 2342 479 2375 3
527 2323 586 2376 Μ
595 2342 622 2376 6
634 2324 665 2376 d
676 2342 704 2376 e
716 2342 746 2376 a
759 2342 800 2376 e.
877 2324 1192 2393 indignatur
1240 2343 1450 2377 uenena
1498 2345 1594 2378 sua
1633 2345 1744 2379 non
1769 2342 1812 2373 30

182 2516 204 2554 1
237 2514 490 2558 mtabuisse
522 2515 692 2570 popule
735 2515 797 2557 M
914 2520 939 2558 2
973 2516 1319 2571 iwtelleyendwm
1349 2517 1532 2559 uidetur
1567 2515 1742 2572 ‘iunge’

52 2569 133 2612 uel
167 2569 302 2614 ‘ordo
335 2577 418 2616 est:
448 2574 569 2627 fflaeae
598 2574 741 2617 cibo’.
880 2579 905 2618 6
938 2576 1099 2617 contra
1130 2576 1295 2618 addidi
1444 2580 1469 2618 8
1503 2575 1633 2617 audit
1663 2589 1680 2616 1
1710 2586 1744 2618 8.

59 2628 90 2671 Ζ.
131 2629 238 2673 add.
281 2631 345 2673 M
500 2638 553 2676 10
591 2635 665 2676 ut:
704 2633 742 2676 85
775 2633 837 2675 M
987 2638 1039 2676 12
1084 2633 1302 2689 quietiori
1334 2649 1362 2688 ς
1515 2638 1566 2676 13
1600 2632 1746 2676 hb1do

63 2687 128 2729 M
259 2694 311 2732 15
355 2690 480 2734 idem
509 2693 718 2747 positura
749 2712 805 2728 =
835 2691 886 2735 id
919 2694 990 2736 est
1019 2691 1301 2749 inpositura,
1333 2693 1747 2747 interpretationem

54 2747 192 2791 uerbi
224 2748 443 2804 epithesis
474 2751 632 2794 deleui.
693 2751 802 2795 haec
839 2752 1155 2806 interpretatio
1196 2765 1341 2807 supra
1373 2752 1560 2804 lineam,
1600 2751 1746 2794 altera

58 2806 138 2859 (cf.
170 2808 232 2851 ad
262 2821 307 2851 u.
341 2812 421 2863 33)
466 2810 518 2854 in
559 2811 765 2866 marqine
811 2811 1046 2865 adscripta
1091 2815 1189 2854 erat
1227 2811 1393 2854 codicis
1425 2810 1659 2866 archetypi

63 2869 118 2908 16
150 2879 272 2924 seua.
338 2867 502 2912 edente
539 2868 684 2912 l1b1do
726 2870 789 2911 M
939 2874 991 2912 17
1031 2871 1281 2926 exagerata
1314 2870 1377 2911 M
1522 2873 1578 2913 20
1624 2883 1746 2913 nunc

47 2936 164 2967 mos.-
208 2939 302 2969 non
350 2927 413 2969 M
456 2942 484 2982 ς
524 2932 565 2971 et
605 2941 756 2973 comm.
807 2927 976 2984 Gruqu.
1135 2934 1190 2972 23
1247 2929 1408 2971 damus
1450 2928 1513 2970 M
1689 2933 1744 2971 27

57 2983 248 3037 qualem
281 2985 344 3028 M
