1939 3197
765 89 884 136 ODE
917 90 974 146 11,
1009 95 1046 133 1.
1137 67 1142 71 ’
1671 87 1742 138 47

59 227 301 279 scribere.
431 225 463 276 9
503 224 762 293 paulum
802 242 1064 277 seuerae
1104 223 1175 276 M.
1223 228 1259 276 t.
1310 223 1357 276 d.
1397 227 1433 275 t.
1475 224 1744 293 quoniam,

56 300 246 369 inquit,
284 299 417 350 haec
459 299 686 351 scribere
727 298 1023 366 destinasti,
1061 316 1219 366 parce
1247 297 1514 366 tantisper
1536 298 1742 366 tragico

58 375 194 426 stilo.
259 389 544 424 seueram
576 374 757 424 autem
780 371 1181 441 tragoediam
1205 371 1395 424 merito
1421 371 1564 439 dicit,
1603 371 1746 438 quod

55 447 232 499 tristia
270 446 381 498 fere
423 446 532 497 sint
570 447 889 515 argumenta
929 446 1341 514 tragoediarum.
1499 444 1566 496 10
1604 463 1745 497 mox

55 520 163 573 ubi
200 520 510 589 publicas,
572 518 675 571 hoc
715 522 817 571 est:
858 519 951 571 ubi
989 518 1288 588 historiam,
1327 537 1462 588 quae
1501 518 1743 587 publicas
1768 529 1788 562 5

55 612 138 646 res
180 593 435 662 continet,
468 593 730 646 ordinaris
755 593 810 644 id
834 595 916 645 est
940 593 1297 661 descripseris,
1402 594 1466 644 11
1503 593 1744 662 grande

54 686 283 719 munus
323 665 378 720 C.
418 685 458 718 r.
500 665 815 735 Cecropio
857 668 1153 735 coturno,
1198 666 1398 734 inquit⁷
1438 666 1563 734 quia
1602 666 1746 734 apud

56 740 419 793 Athenienses
469 741 702 808 primum
743 743 826 793 est
865 741 1066 809 scripta
1107 743 1266 808 atque
1307 742 1427 791 acta
1464 739 1745 808 tragoedia

56 814 321 883 Thespide
360 814 643 866 inuentore
683 814 796 866 eius
844 816 1005 882 atque
1045 816 1238 867 actore.
1380 813 1448 865 13
1488 813 1743 882 insigne

55 888 322 941 maestis
369 888 765 957 praesidium
803 887 944 940 reis.
1042 905 1139 956 per
1179 887 1320 956 quod
1362 886 1652 956 significat,
1691 889 1745 938 et
1770 898 1811 930 10

55 962 347 1014 fortissime
389 980 509 1014 eum
550 979 737 1014 causas
777 979 992 1014 reorum
1031 962 1089 1013 in
1127 961 1336 1014 iudiciis
1377 960 1658 1012 defendere
1695 963 1748 1012 et

55 1039 332 1105 praeterea
369 1035 789 1104 prudentissima
829 1036 1054 1089 consilia
1092 1036 1150 1087 in
1190 1037 1383 1087 senatu
1422 1035 1561 1086 dare.
1679 1033 1748 1087 15

56 1110 157 1162 cui
202 1111 422 1162 laurus
474 1111 775 1162 aeternos
820 1110 1114 1162 honores.
1214 1109 1332 1161 ideo
1382 1108 1485 1161 hoc
1540 1108 1747 1175 dicitur,

58 1183 184 1252 quia
236 1183 409 1236 Pollio
459 1181 671 1236 Salonis
725 1183 856 1235 urbe
912 1202 976 1236 ex
1024 1183 1294 1235 Dalmatis
1350 1187 1506 1251 capta
1559 1182 1745 1233 trium-

56 1257 260 1326 phauit.
356 1258 420 1309 17
447 1257 572 1309 iam
602 1275 769 1309 nunc
801 1258 1041 1309 minaci
1072 1274 1386 1309 murmure
1428 1274 1745 1308 cornuum.
1771 1265 1812 1297 15

55 1332 186 1399 iam,
232 1331 429 1399 inquit,
475 1331 662 1383 uideor
715 1330 850 1382 mihi
899 1331 1080 1383 uidere
1136 1333 1190 1382 et
1235 1330 1417 1382 audire
1473 1348 1535 1381 ea
1544 1371 1558 1398 ,
1612 1347 1747 1397 quae

58 1404 287 1457 historia
333 1404 519 1473 refert,
573 1422 668 1473 per
723 1404 866 1473 quod
922 1405 1192 1474 significat
1245 1404 1357 1455 uim
1411 1403 1747 1471 eloquentiae

55 1477 357 1530 Pollionem
397 1474 628 1547 ἐνεργὸν
661 1478 737 1544 [111
762 1480 844 1530 est
868 1478 1119 1543 otiosam]
1153 1478 1210 1529 in
1249 1477 1509 1529 relatione
1541 1493 1747 1546 pugna-

55 1570 177 1604 rum
214 1551 478 1604 inducere.
597 1551 663 1603 19
704 1551 960 1621 fugacis
1000 1554 1203 1604 terret
1242 1569 1400 1619 equo
1415 1569 1452 1602 s,
1492 1550 1747 1619 fugacis

56 1643 154 1694 pro
194 1625 531 1678 uelocibus
573 1625 774 1694 accipe3
815 1628 869 1677 et
906 1626 964 1677 in
1003 1643 1247 1678 sermone
1271 1624 1537 1693 hodieque
1560 1625 1748 1693 fugam
1771 1635 1814 1666 20

56 1717 153 1767 pro
193 1699 477 1752 uelocitate
518 1698 742 1751 dicimus
755 1741 769 1768 ‚
808 1717 930 1751 cum
970 1700 1033 1751 de
1074 1700 1223 1768 equis
1263 1698 1546 1767 loquimur.
1676 1698 1744 1750 21

60 1773 276 1825 audire
331 1789 596 1842 magnos
651 1773 773 1825 iam
827 1773 1052 1826 uideor
1107 1774 1310 1825 duces.
1412 1772 1747 1841 ambiguum3

57 1850 239 1899 utrum
286 1847 429 1899 enim
474 1847 621 1916 ipsos
670 1847 829 1900 duces
870 1847 1246 1901 contionantes
1287 1846 1468 1899 audire
1510 1864 1564 1898 se
1605 1846 1749 1898 dicat

61 1939 131 1972 an
184 1920 484 1974 Pollionem
539 1921 602 1973 de
658 1921 880 1974 ducibus
934 1924 1272 1989 narrantem,
1334 1921 1597 1972 incertum
1652 1921 1746 1971 est.

42 2042 45 2043 γ
207 1995 278 2046 22
332 1995 599 2063 puluere
644 1995 970 2048 ‘soi-didos.
1073 1995 1309 2063 speciose
1373 2011 1433 2045 ac
1496 1993 1745 2044 decenter
1770 2002 1812 2035 25

61 2068 262 2120 dictum
301 2069 567 2136 puluere
606 2087 735 2121 non
772 2069 1075 2122 indecoro
1118 2068 1412 2121 sordidos
1443 2067 1596 2135 quasi
1633 2067 1748 2135 pul-

60 2159 184 2192 uere
224 2142 414 2193 bellico
446 2143 774 2209 pulueratOS.
890 2143 961 2193 24
999 2144 1257 2210 praeter
1296 2143 1575 2193 atrocem
1615 2140 1748 2191 ani-

60 2233 221 2266 mum
269 2213 548 2267 Catonis,
633 2214 705 2267 M.
745 2215 996 2268 Porcium
1036 2213 1298 2268 Catonem
1339 2214 1619 2284 significat,
1659 2214 1750 2282 qui

61 2287 250 2340 Uticae
297 2288 488 2340 maluit
535 2307 590 2340 se
638 2289 936 2341 interficere
984 2289 1280 2342 inminente
1322 2287 1548 2341 Caesare
1589 2306 1748 2356 quam

61 2362 118 2414 in
172 2364 497 2431 potestatem
552 2362 663 2415 eius
718 2364 916 2415 uenire.
1047 2362 1118 2415 25
1173 2361 1330 2415 Iuno
1379 2366 1441 2415 et
1490 2362 1747 2414 deorum
1771 2373 1814 2405 30

63 2436 356 2505 quisquis
404 2436 667 2489 amicior
714 2436 907 2489 Afris,
987 2455 1175 2489 sensus
1225 2440 1327 2489 est:
1366 2436 1503 2488 Iuno
1545 2438 1598 2487 et
1638 2435 1750 2503 qui-

186 2646 210 2683 6
243 2641 443 2684 scholion
472 2654 518 2683 u.
551 2644 606 2683 11
632 2645 740 2697 post
770 2642 858 2686 sch.
892 2655 936 2686 u.
970 2646 1030 2686 15
1062 2644 1124 2686 est
1155 2642 1207 2685 in
1240 2641 1303 2684 M
1421 2645 1447 2683 8
1481 2638 1750 2682 anthemen-

63 2713 133 2742 ses
168 2699 231 2742 M
358 2705 383 2744 9
418 2698 650 2756 Thespide
688 2713 791 2744 nos:
836 2701 1024 2757 thespio
1059 2701 1122 2744 M
1151 2699 1324 2756 Thespi
1359 2714 1387 2754 ς
1540 2703 1594 2741 10
1625 2711 1749 2753 regis

66 2759 129 2801 M
271 2763 326 2801 14
356 2758 506 2814 pullio
538 2758 602 2800 M
735 2759 918 2803 Salonis
949 2773 1053 2804 nos:
1088 2759 1274 2803 salonas
1308 2759 1370 2801 M
1400 2757 1572 2801 Salona
1604 2771 1632 2811 ς

65 2818 203 2861 urbes
238 2817 300 2860 M
390 2822 444 2862 18
468 2815 727 2862 Ponionem
753 2814 949 2875 ἐνεργὸν
972 2819 1022 2862 111
1046 2820 1119 2863 est
1142 2818 1340 2862 otiosam
1364 2829 1465 2860 nos:
1490 2815 1751 2859 Pollionem

61 2876 186 2919 idem
225 2877 425 2920 otiosum
465 2875 527 2918 M
562 2877 618 2932 cf.
660 2878 723 2921 ad
760 2881 845 2922 sat.
888 2878 924 2932 Ι,
965 2883 1006 2934 2,
1041 2882 1139 2921 132.
1188 2877 1258 2921 od.
1293 2881 1334 2930 2,
1369 2880 1436 2931 12,
1478 2879 1548 2918 28.
1597 2875 1666 2918 od.
1708 2879 1749 2930 4,

64 2940 133 2989 11,
176 2941 243 2979 11.
292 2948 383 2991 epo.
421 2940 459 2990 7,
494 2938 563 2978 15.
717 2941 769 2980 19
809 2938 956 2981 terret
998 2949 1161 2993 equos:
1201 2938 1234 2979 t.
1279 2949 1316 2979 6.
1352 2935 1415 2977 M
1563 2938 1618 2977 26
1658 2947 1750 2977 non

66 3006 200 3048 quam
233 2994 295 3037 M
414 2999 469 3038 28
500 2996 561 3039 ffi.
593 2996 798 3051 portlum
833 2995 896 3039 M
1014 3001 1068 3040 29
1101 2996 1262 3050 utique
1297 2993 1360 3037 M
