1939 3197
752 89 872 134 ODE
905 90 941 144 Ι,
973 93 1045 134 35.
1668 92 1736 142 41

60 228 330 280 subiectus
355 228 449 278 est.
532 224 598 277 18
625 225 846 277 clauos
876 224 1151 276 trabalis
1184 227 1245 276 et
1275 242 1508 279 cuneos
1540 245 1742 279 manu,

58 301 293 371 eleganti
343 297 693 366 conceptione
742 298 875 350 haec
921 298 1283 351 instrumenta
1326 298 1600 352 Fortunae
1652 301 1741 352 ad·

59 373 377 440 commodat,
417 372 618 424 scilicet
657 372 850 440 quibus
891 372 1032 441 cogit
1071 375 1125 424 et
1162 374 1378 441 torquet
1415 373 1742 442 inplicatque

57 466 141 500 res
194 447 476 500 humanas.
589 445 657 497 21
715 447 775 497 te
832 463 976 513 spes
1031 449 1091 497 et
1146 446 1290 499 albo
1344 464 1489 499 rara
1539 446 1744 499 Fides.

56 522 201 574 bono
258 515 493 591 ἐπιθέτῳ
547 537 724 571 raram
777 519 938 571 fidem
989 521 1247 589 appellat,
1302 520 1426 588 quia
1477 539 1509 572 a
1557 521 1743 590 paucis
1766 540 1789 573 5

58 595 267 649 colitur.
418 593 484 644 21
543 596 605 644 et
660 593 803 646 albo
866 611 1010 645 rara
1063 593 1251 645 Fides
1307 594 1464 647 colit
1524 596 1744 647 uelata

57 686 284 738 pannO.
361 669 545 734 posset
597 667 768 719 uideri
819 666 1030 720 sordide
1081 667 1276 719 dixisse
1333 666 1585 737 ‘panno',
1637 669 1744 721 nisi

57 743 222 794 uellet
250 741 352 793 hac
385 740 735 809 conceptione
774 740 1017 810 intellegi
1056 759 1088 792 a
1125 741 1532 810 pauperioribus
1571 743 1744 812 magis

59 816 163 868 coli
200 815 374 867 fidem.
445 813 622 867 ‘albo'
656 816 836 867 autem
874 814 1008 866 dixit
1044 817 1265 883 propter
1302 814 1646 867 honestatem
1685 816 1744 867 fi-

60 889 310 942 delitatis,
385 891 480 940 aut
516 888 778 957 numquid
818 887 940 941 albo
980 906 1163 957 panno
1203 887 1360 940 Fides
1400 889 1580 941 uelata
1620 889 1745 942 dici·
1769 909 1812 940 10

57 967 161 1031 tur,
200 962 357 1031 quod,
389 962 480 1030 qui
511 962 670 1014 fidem
702 962 902 1030 colunt,
932 962 1149 1014 honesti
1183 962 1397 1030 quidem
1428 962 1747 1033 habeantur,

60 1037 152 1089 sed
191 1054 452 1105 pauperes
492 1036 639 1104 fiant,
686 1035 942 1104 quoniam
982 1035 1270 1105 adquisitio
1310 1036 1534 1104 perfidia
1571 1038 1745 1107 magis

58 1110 347 1180 prouenit?
460 1110 532 1161 22
578 1127 692 1161 nec
743 1110 1035 1162 comitem
1083 1110 1362 1179 abnegat
1408 1113 1746 1179 utcumque

60 1187 307 1237 mutata
343 1184 632 1252 potentis
672 1203 723 1235 u.
763 1184 811 1235 d.
849 1184 882 1235 i.
914 1184 948 1235 1.
1001 1201 1115 1235 non
1147 1183 1354 1252 spernit
1383 1187 1452 1252 te,
1483 1184 1675 1254 inquit,
1714 1204 1744 1238 o

59 1257 323 1326 Fortuna,
376 1256 556 1324 Fides,
611 1275 731 1309 cum
769 1257 969 1325 linquis
1023 1258 1467 1325 potentiorum
1521 1259 1748 1311 limina
1773 1276 1815 1308 15

59 1331 114 1383 id
155 1334 236 1384 est
282 1348 404 1383 cum
447 1331 706 1399 relinquis
754 1330 963 1383 diuites
1037 1348 1134 1398 per
1170 1330 1275 1382 hoc
1315 1334 1494 1383 autem
1534 1332 1748 1385 uidetur

62 1405 364 1475 significare
397 1422 505 1473 eOS,
544 1405 636 1472 qui
667 1422 731 1456 ex
762 1404 1026 1474 dignitate
1057 1404 1279 1457 honoris
1313 1408 1407 1457 aut
1439 1405 1748 1459 diuitiarum

61 1478 369 1546 ceciderint3
410 1496 509 1529 nec
547 1477 708 1529 fidem
747 1478 889 1546 apud
929 1495 1021 1531 eos
1059 1495 1336 1530 remanere
1375 1479 1429 1530 id
1470 1482 1551 1530 est
1588 1480 1749 1532 fidem

61 1570 271 1622 quoque
321 1551 580 1619 amittere.
658 1554 712 1603 et
758 1551 862 1604 hoc
903 1569 1115 1620 quoque
1155 1552 1440 1620 dupliciter
1479 1553 1749 1624 intellege,

60 1630 122 1678 ut
159 1625 291 1678 fides
331 1625 437 1677 illis
468 1643 568 1677 nec
598 1625 864 1677 habeatur
894 1643 994 1678 nec
1026 1628 1282 1678 seruetur.
1398 1626 1469 1678 25
1509 1630 1573 1679 at
1610 1628 1747 1680 uul-
1773 1645 1819 1677 20

64 1717 180 1770 gus
219 1699 493 1751 infidum
535 1702 596 1751 et
635 1741 682 1751 ..
721 1718 763 1750 r.
800 1718 851 1768 p.
890 1702 928 1751 t.
996 1699 1131 1752 haec
1171 1700 1446 1769 eleganter
1486 1701 1752 1771 dicuntur,

63 1774 187 1843 quia
217 1773 469 1826 fortunae
500 1774 756 1826 euentum
789 1773 966 1825 subire
999 1791 1120 1826 cum
1153 1775 1323 1827 amico
1364 1776 1616 1844 uulgares
1654 1775 1751 1828 ho-

61 1848 234 1900 mines
284 1848 493 1900 nolunt.
624 1848 693 1900 28
744 1846 912 1899 ferre
962 1848 1180 1917 iugum
1231 1848 1478 1916 pariter
1528 1849 1750 1902 dolosi.

62 1916 439 1990 ἀλληγορικῶς
485 1921 722 1974 ostendit
760 1922 1071 1974 necessitati
1110 1922 1404 1975 amicorum
1443 1924 1586 1975 nolle
1627 1940 1750 1975 con-

62 1995 275 2048 iunctos
326 2013 455 2048 esse.
570 1995 640 2047 29
694 2013 909 2047 serues
960 1996 1200 2047 iturum
1252 1994 1589 2048 Caesarem
1645 1998 1748 2062 [et]
1775 2012 1820 2045 25

63 2069 129 2120 in
181 2069 443 2121 ultimos
500 2069 674 2121 orbis
727 2067 1131 2121 Brittannos
1210 2069 1286 2134 [id
1326 2066 1424 2138 est]
1468 2068 1753 2122 Caesarem

63 2141 374 2211 Augustum
413 2142 556 2194 dicit.
630 2142 757 2194 huic
802 2142 1018 2194 initium
1058 2142 1184 2195 odes
1222 2142 1382 2195 huius
1422 2144 1752 2213 coniungen-

67 2215 192 2267 dum
217 2218 321 2283 est3
363 2215 437 2267 sic
462 2216 628 2268 enim:
671 2214 714 2266 O
750 2215 896 2268 diua
928 2218 1179 2286 gratum
1219 2235 1376 2285 quae
1415 2218 1586 2287 regis
1624 2217 1752 2269 An-

64 2290 225 2341 tium
282 2306 496 2342 serues
549 2290 788 2341 iturum
841 2289 1194 2343 Caesarem.
1325 2290 1397 2344 30
1450 2292 1752 2344 iuuenum

65 2380 341 2415 examen.
417 2363 830 2416 translationem
877 2364 945 2416 ab
993 2364 1184 2433 apibus
1230 2364 1431 2417 factam
1480 2384 1579 2434 pro
1618 2366 1751 2417 mul·
1775 2381 1822 2412 30

65 2436 296 2488 titudine
328 2437 560 2490 militum
591 2438 788 2506 posuit.
902 2437 970 2489 31
1012 2438 1386 2490 timendum:
1428 2439 1577 2492 cuius
1611 2456 1753 2491 exer—

67 2510 204 2562 citus
242 2509 462 2563 timetur
501 2514 556 2564 et
599 2513 658 2563 in
696 2529 889 2564 occasu
930 2514 984 2563 et
1020 2511 1078 2563 in
1119 2512 1337 2564 oriente.
1452 2513 1523 2565 32
1563 2512 1754 2564 Ocea-

66 2600 274 2651 noque
328 2584 536 2637 rubro.
626 2586 730 2637 hoc
785 2588 866 2636 est
919 2585 1081 2637 rubro
1137 2586 1302 2653 mari,
1365 2586 1507 2654 quod
1562 2588 1644 2637 est
1695 2585 1754 2637 in

71 2656 290 2708 oriente.
404 2657 473 2710 33
512 2658 634 2710 heu
675 2659 1049 2711 cicatricum
1103 2661 1164 2710 et
1219 2660 1479 2711 sceleris
1544 2659 1754 2727 pudet.

190 2776 245 2815 14
277 2771 411 2828 epod.
445 2777 486 2828 2,
520 2778 546 2817 8

190 2881 211 2918 1
246 2874 430 2918 trabihs
456 2876 519 2918 M
605 2881 631 2919 5
656 2877 786 2921 Bono
817 2877 964 2921 ΠΙΘΕ.
1000 2911 1008 2920 .
1040 2878 1127 2922 Τω
1158 2890 1192 2920 3.
1219 2878 1247 2921 Ζ.
1273 2878 1431 2921 addito
1456 2877 1486 2920 Ε
1510 2879 1551 2920 et
1576 2878 1609 2920 Ν
1634 2879 1755 2933 (post

68 2936 136 2988 ω)
168 2934 231 2976 Μ
333 2938 390 2976 20
421 2934 578 2978 uultus
612 2936 676 2979 M
785 2940 840 2979 25
875 2950 1020 2979 seruis
1054 2936 1116 2978 M
1226 2941 1281 2979 27
1314 2936 1422 2980 huic
1456 2935 1634 2993 Pauly:
1664 2936 1754 2980 hac

72 2992 135 3034 M
161 2991 238 3036 hic
270 3007 299 3047 ς
391 2998 445 3037 28
479 3006 618 3048 quae:
652 3009 732 3050 qui
758 2995 821 3038 M
909 3000 963 3038 29
998 3007 1140 3038 seruis
1167 2995 1229 3037 M
1317 3000 1375 3052 34
1406 2995 1670 3039 cicatricem
1695 2995 1759 3038 M
