1939 3197
183 71 285 124 156
793 74 1046 119 EPODON
1079 82 1103 120 6
1137 77 1185 119 61
1217 81 1255 121 7.
1906 0 1939 130 ἓ

177 211 521 277 praecedet
581 212 608 263 f
614 229 732 265 era.
811 212 875 264 de
930 229 985 263 66
1031 211 1135 264 1166
1181 215 1343 279 poeta
1390 213 1521 265 dicit
1561 213 1871 283 significans
1922 205 1939 283 'js‘

179 299 291 335 non
317 284 621 338 defuturam
647 286 749 338 sibi
773 286 992 356 linguae
1020 287 1448 356 amaritudinem,
1482 287 1527 340 si
1549 290 1874 356 prouocetur
1922 285 1939 318 ²ss

181 356 405 412 alicuius
445 361 792 429 inprobitate.
910 360 976 412 13
996 361 1204 429 qualis
1230 360 1587 430 Lycambae
1613 365 1872 431 spretus
1923 395 1935 404 „

178 430 386 486 infido
436 452 643 504 gener.
706 434 1058 502 Lycambae
1093 435 1307 488 datiuus
1342 453 1495 488 casus
1528 439 1623 489 est.
1681 436 1872 490 Archi-

135 516 156 549 5
179 504 395 560 lechum
459 511 638 561 autem
702 509 993 578 significat,
1071 509 1161 578 qui
1222 509 1536 578 Lycamben
1596 511 1872 578 probrosis

177 581 420 635 uersibus
462 601 630 652 usque
672 601 734 636 eo
774 584 1072 636 insectatus
1114 585 1216 652 est,
1271 587 1333 636 ut
1371 584 1460 635 ille
1500 587 1730 637 mortem
1770 585 1873 637 sibi

176 656 547 710 conscisceret.
623 658 727 710 hoc
792 661 972 710 autem
1027 675 1088 710 eo
1136 658 1283 726 fecit,
1350 658 1492 726 quod
1554 658 1643 711 ille
1704 659 1872 711 filiam

175 744 329 782 suam
367 732 425 785 in
463 733 870 785 matrimonium
909 732 1231 800 promissam
1270 750 1395 784 mox
1435 732 1766 803 denegasset

179 801 248 853 14
312 809 419 859 aut
459 825 604 859 acer
642 808 855 860 hostis
895 805 1158 876 Bupalo,
1253 825 1419 875 aeque
1461 806 1675 860 datiuus
1715 826 1871 862 casus

110 887 154 920 10
177 881 273 947 est,
312 884 394 933 ut:
433 882 559 934 huic
583 881 808 951 Bupalo.
886 881 1233 950 Hipponacta
1267 881 1548 951 significat,
1588 882 1679 950 qui
1704 900 1871 951 aeque

175 949 420 1008 iambicis
460 957 704 1009 uersibus
730 956 1001 1024 Bupalum
1039 958 1350 1024 persecutus
1384 959 1478 1008 661.
1597 957 1663 1008 16
1703 957 1871 1009 inul-

175 1026 276 1078 tus
317 1033 385 1082 ut
423 1031 597 1084 flebo
637 1050 816 1100 puer:
857 1030 995 1083 flebo
1035 1031 1241 1083 inultus
1280 1032 1341 1082 ut
1379 1048 1527 1099 puer.

708 1161 962 1205 EPODON
997 1160 1251 1205 OARMEN
1287 1165 1324 1204 7.

323 1252 453 1314 Quo
510 1271 629 1323 quo
687 1252 947 1305 scelesti
993 1252 1199 1304 ruitis.
1279 1253 1554 1321 eleganter
1592 1255 1653 1304 ut
1690 1252 1748 1304 in
1786 1255 1869 1306 tu-

108 1351 149 1385 15
172 1328 345 1380 multu
387 1329 453 1380 ab
495 1328 882 1381 exclamatione
928 1328 1132 1395 incipit.
1211 1326 1277 1378 ad
1341 1344 1429 1379 eos
1494 1330 1673 1379 autem
1727 1327 1869 1396 dicit,

173 1402 263 1470 qui
302 1403 508 1456 furiosa
547 1405 727 1454 mente
766 1403 1070 1454 instaurare
1109 1402 1310 1453 bellum
1337 1401 1490 1453 ciuile
1517 1402 1867 1455 conabantur.

173 1480 282 1528 aut
322 1495 430 1529 cur
470 1477 757 1529 dexteris
807 1479 1116 1546 aptantur
1156 1493 1339 1538 enses
1381 1475 1649 1528 conditi:
1698 1493 1868 1545 611666,

172 1551 262 1619 (1111
301 1551 410 1602 iam
450 1552 653 1605 conditi
692 1554 862 1620 erant,
901 1568 995 1603 6111
1035 1550 1234 1602 dextris
1274 1549 1769 1619 adcommodantur,
1806 1553 1868 1602 ut

177 1624 222 1676 si
261 1624 483 1678 diceret:
540 1645 634 1679 cur
683 1626 950 1695 stringitis
1000 1625 1208 1694 gladios
1255 1624 1313 1675 in
1352 1624 1555 1693 uagina
1594 1624 1702 1676 iam
1742 1641 1866 1676 con-

106 1722 149 1755 20
173 1698 351 1752 ditos?
471 1701 534 1752 11
578 1718 781 1769 neque
820 1700 923 1751 hic
961 1699 1132 1767 lupis
1173 1716 1304 1750 mos
1344 1716 1458 1750 nec
1497 1698 1624 1750 fuit
1661 1698 1864 1751 leoni-

171 1772 285 1825 bus
347 1793 639 1843 umquam
700 1773 828 1826 nisi
882 1774 946 1824 in
1002 1773 1221 1842 dispar
1271 1772 1447 1824 feris
1533 1790 1720 1825 sensus
1762 1775 1863 1825 est:

168 1846 314 1900 ferae
353 1866 466 1901 non
504 1849 734 1918 faciunt,
790 1848 932 1916 quod
986 1866 1108 1916 1166,
1163 1866 1193 1899 o
1233 1846 1488 1914 Romani,
1544 1847 1864 1916 sanguinem

168 1920 401 1973 inuicem
439 1925 701 1991 petentes.
784 1940 912 1973 nam
965 1921 1111 1973 ferae
1167 1921 1402 1973 eiusdem
1458 1921 1669 1989 generis
1723 1921 1865 1973 inter

170 2012 224 2046 se
264 2014 451 2063 pacem
490 1997 716 2065 habent,
757 1997 995 2064 dispares
1037 2014 1091 2047 se
1115 1996 1465 2047 insectantur.
1541 1995 1606 2046 in
1646 1994 1864 2063 dispar

103 2091 146 2124 25
169 2067 280 2121 fer.
321 2070 538 2140 dispar
577 2071 892 2124 aduerbium
933 2072 1015 2122 est
1054 2087 1214 2138 nunc,
1252 2072 1314 2121 ut
1353 2069 1398 2121 si
1423 2069 1476 2120 di
1480 2071 1645 2121 ceret:
1687 2068 1863 2138 dispa-

168 2143 299 2195 riter
358 2145 502 2197 ferie.
644 2146 710 2198 13
773 2145 1037 2197 furorne
1100 2161 1325 2196 caecus
1389 2162 1467 2195 an
1527 2143 1703 2212 rapit
1764 2141 1860 2194 uis

169 2218 393 2271 acrior.
471 2237 607 2288 quae
650 2223 731 2272 est
778 2220 860 2271 uis
907 2220 1078 2271 acrior
1125 2236 1286 2287 quam
1332 2217 1520 2270 furor?
1569 2220 1663 2270 aut
1708 2235 1860 2269 num-

170 2291 296 2358 quid
329 2292 550 2345 deorum
574 2294 692 2345 ira?
811 2292 878 2346 15
917 2296 1137 2345 tacent
1177 2295 1238 2344 et
1278 2310 1386 2344 ora
1424 2292 1637 2359 pallor
1676 2291 1859 2343 albus

167 2363 399 2418 inficit.
478 2367 696 2436 elegans
738 2368 1005 2435 otiositas,
1059 2367 1213 2435 quasi
1273 2366 1359 2418 his
1406 2366 1585 2417 uerbis
1626 2365 1859 2417 conuicti

99 2460 147 2492 30
171 2440 439 2509 steterint,
503 2441 693 2493 deinde
745 2441 1075 2493 conscientia
1115 2439 1327 2492 sceleris
1367 2439 1671 2508 palluerint.
1791 2439 1856 2492 17

169 2512 257 2564 sic
298 2516 407 2565 est.
486 2515 716 2567 acerba
753 2515 890 2566 fata
915 2514 1235 2567 Romanos
1277 2516 1491 2582 agunt.
1569 2514 1858 2583 eleganter,

168 2587 322 2653 quasi
361 2589 580 2640 tandem
634 2588 904 2641 inuenerit
948 2588 1147 2640 furoris
1185 2587 1345 2640 huius
1395 2605 1626 2657 causam,
1672 2587 1858 2639 intulit

283 2784 309 2822 3
349 2779 632 2824 mbrob1tate
668 2779 730 2821 M
795 2790 798 2793 ⁴
869 2783 897 2822 4
936 2791 1104 2835 genero
1135 2777 1334 2837 licambe
1370 2778 1433 2820 M
1571 2777 1856 2821 archilocum

167 2837 229 2879 M
362 2843 386 2882 9
419 2839 564 2883 1166116
595 2838 769 2882 bubalo
803 2839 866 2881 M
1006 2838 1191 2882 datiuus
1223 2852 1327 2882 nos:
1360 2839 1520 2882 datiuo
1554 2837 1616 2880 M
1643 2837 1793 2881 datiui
1825 2853 1855 2893 ς

286 2902 339 2941 10
370 2898 667 2955 hycponacta
700 2898 763 2941 M
904 2903 956 2941 11
989 2898 1215 2953 pupalum
1249 2898 1311 2941 M
1431 2903 1484 2941 19
1525 2898 1854 2954 constringitos

163 2955 239 3006 (m.
272 2960 313 2999 1.
347 2970 461 3000 corr.
494 2971 549 3001 m.
583 2961 653 3012 2.)
686 2957 748 3000 M
851 2961 906 3001 28
940 2956 1071 3000 albus
1104 2971 1184 3001 ora
1215 2958 1366 3013 pallor
1400 2958 1463 3001 M
1549 2958 1762 3003 otiositas
1794 2959 1852 3013 cf.

156 3015 492 3069 praefationem
625 3021 681 3060 30
713 3015 968 3072 palluerint
998 3029 1054 3059 m.
1088 3020 1133 3060 2.
1166 3030 1201 3061 s.
1235 3018 1263 3060 l.
1299 3017 1370 3061 M.
1493 3021 1548 3060 32
1581 3019 1761 3062 muemt
1793 3018 1857 3061 M

1908 3067 1939 3197 ffl-.2.
1913 3031 1917 3034 ·
