1939 3197
624 75 826 123 SERMO
859 77 891 132 Ι,
926 83 966 131 3,
1000 81 1217 121 90—115.
1659 78 1766 132 205

83 212 326 280 traditur,
365 211 505 264 idem
546 211 774 279 scriptor
812 212 1174 282 historiarum,
1216 214 1281 266 ad
1308 233 1440 284 quas
1475 215 1763 268 audiendas

84 287 350 356 significat
388 285 605 337 solitum
644 285 807 338 fuisse
850 304 1037 356 cogere
1078 287 1343 340 debitores
1385 307 1531 354 61106,
1573 290 1764 359 quibus

84 361 284 413 scilicet
321 360 452 411 talia
492 359 672 411 audire
712 379 886 428 poena
927 362 1248 429 grauissima
1287 366 1415 414 erat.
1484 364 1585 415 1106
1625 365 1766 416 66116

83 434 351 504 significat
388 436 683 502 porrecto
716 435 949 504 iugulo.
1043 436 1113 488 90
1145 455 1440 489 1661166116
1474 438 1767 490 catillum

81 508 368 561 Euandri
415 508 639 560 tritum
687 509 979 561 manibus
1029 510 1261 562 deiecit
1309 512 1383 563 ob
1424 512 1585 564 hanc
1624 531 1810 565 rem.5

83 583 172 651 qui
235 583 305 634 de
376 583 674 650 personis
746 582 1124 635 Horatianis
1198 585 1546 653 scripserunt,
1617 587 1768 639 aiunt

80 656 395 708 Euandrum
441 657 583 709 1111116
631 658 950 709 caelatorem
1011 676 1070 709 ac
1124 659 1336 726 plasten
1386 663 1683 712 statuarum
1735 664 1768 726 ἦ·

83 748 245 799 quare
307 730 488 783 Marco
551 731 791 782 Antonio
856 732 921 783 ab
985 731 1214 784 Athenis
1276 750 1327 784 66
1387 733 1768 786 Alexandriam

80 805 443 871 transtulisse3
502 805 624 856 inde
680 805 820 856 inter
874 806 1116 873 captiuos
1171 805 1400 858 Romam
1454 808 1769 875 perductum

81 879 250 930 multa
306 896 467 945 opera
521 879 790 930 mirabilia
842 879 1045 931 fecisse.
1198 881 1268 931 92
1325 884 1432 932 aut
1485 883 1768 949 positum
1794 904 1834 935 10

82 955 227 1004 ante
283 971 418 1004 mea
464 953 613 1022 quia
659 953 917 1021 pullum.
1018 955 1166 1006 ordo:
1218 955 1342 1021 quia
1388 960 1505 1008 ante
1540 958 1769 1023 positum

72 1027 281 1094 pullum
321 1027 377 1077 in
418 1045 538 1078 mea
576 1031 726 1095 parte
768 1027 932 1079 catini
967 1029 1200 1079 sustulit.
1300 1030 1369 1082 96
1411 1031 1549 1099 quis
1588 1031 1770 1098 paria

82 1118 219 1153 esse
260 1101 391 1152 fere
431 1101 675 1168 placuit
706 1105 972 1169 peccata
1007 1103 1308 1154 laborant
1341 1122 1478 1155 cum
1511 1108 1769 1156 uentum

81 1175 156 1227 ad
216 1193 434 1226 uerum
498 1178 608 1227 est.
703 1194 926 1227 sensus
989 1195 1325 1246 moresque
1387 1182 1768 1247 repugnant.

83 1248 383 1302 Stoicorum
426 1249 622 1318 dogma
660 1250 1016 1319 reprehendit,
1057 1251 1146 1319 qui
1172 1252 1353 1303 onmia
1377 1256 1596 1320 peccata
1619 1254 1770 1322 paria
1795 1272 1835 1306 15

83 1342 199 1376 esse
239 1323 443 1390 dicunt,
493 1326 546 1374 et
598 1324 674 1375 ait
720 1342 787 1375 ne
828 1324 972 1392 ipsos
1014 1325 1226 1393 quidem
1265 1326 1323 1377 in
1362 1326 1460 1378 1166
1502 1328 1769 1379 sententia

81 1415 409 1467 permanere,
447 1398 554 1449 nisi
592 1398 757 1450 uerbo
782 1401 940 1450 tenus
966 1399 1073 1450 iam
1097 1399 1183 1450 hic
1208 1402 1469 1452 tractatus
1494 1401 1770 1468 habeatur,

82 1472 174 1524 sed
228 1489 351 1522 uere
408 1472 470 1523 de
523 1472 755 1524 admisso
805 1476 1105 1541 quaeratur.
1258 1475 1328 1527 98
1386 1478 1574 1544 atque
1629 1476 1771 1544 ipsa

81 1546 339 1598 utilitas
393 1546 554 1597 iusti
608 1565 806 1615 prope
861 1550 1062 1598 mater
1117 1550 1177 1599 et
1230 1549 1431 1618 aequi.
1530 1547 1769 1602 nondum

83 1620 253 1687 uideO,
294 1619 561 1689 quomodo
601 1621 891 1673 utilitatem
931 1622 1059 1673 iusti
1099 1625 1152 1673 et
1192 1623 1346 1692 aequi
1378 1626 1604 1676 matrem
1629 1628 1770 1676 recte
1795 1644 1837 1676 20

82 1694 288 1746 dixerit.
444 1695 545 1747 107
594 1713 738 1746 nam
785 1695 912 1747 fuit
962 1699 1108 1748 ante
1156 1695 1470 1749 Helenam
1527 1717 1768 1750 cunnus

82 1768 417 1820 teterrima
456 1769 626 1822 belli.
700 1769 802 1822 1106
842 1788 903 1822 60
944 1770 1191 1838 pertinet,
1230 1774 1290 1822 ut
1328 1772 1520 1839 probet
1550 1773 1604 1824 id
1630 1773 1771 1842 quod

82 1843 310 1910 dixerat,
366 1843 610 1896 homines
665 1844 805 1895 inter
860 1863 915 1896 se
971 1845 1036 1896 ab
1092 1845 1246 1896 initio
1302 1864 1422 1898 cum
1478 1847 1584 1898 orti
1646 1847 1771 1899 sunt

83 1935 292 1986 pugnas
340 1917 592 1970 habuisse
638 1919 812 1986 primo
853 1918 1025 1970 ferino
1065 1919 1194 1984 ritu,
1244 1919 1365 1971 dein
1403 1921 1664 1988 paulatim
1705 1921 1770 1972 ad

84 2010 234 2043 arma
272 1993 611 2058 processisse.
766 1993 869 2044 113
921 2011 1035 2044 666
1074 1995 1306 2044 natura
1344 1996 1559 2061 potest
1597 1995 1769 2046 iusto
1796 2014 1837 2046 25

83 2083 421 2117 secernere
451 2066 739 2136 iniquum
780 2066 1019 2118 diuidit
1057 2070 1123 2118 ut
1162 2066 1326 2118 bona
1366 2067 1642 2120 diuersis
1675 2068 1770 2120 fu-

85 2139 318 2208 gienda
356 2140 669 2207 petendis,
723 2158 849 2208 non,
889 2140 1078 2209 inquit,
1117 2141 1195 2192 ita
1232 2159 1328 2209 per
1367 2144 1618 2194 naturam
1644 2143 1770 2212 quid

84 2214 285 2265 iustum
334 2213 460 2282 quid
510 2215 769 2266 iniustum
825 2214 894 2266 sit
939 2215 1249 2283 intellegere
1299 2216 1416 2286 quis
1465 2219 1665 2285 potest,
1713 2221 1772 2268 ut

26 2331 31 2332 γ
84 2287 364 2356 intellegit,
405 2289 531 2356 quid
570 2289 700 2341 utile
741 2291 794 2340 et
834 2289 960 2357 quid
984 2288 1172 2340 inutile
1199 2289 1282 2357 sit,
1323 2293 1416 2342 aut
1441 2308 1545 2359 quo
1570 2292 1770 2343 malum

86 2380 118 2413 a
165 2361 306 2427 bono
355 2361 530 2415 distet.
687 2362 790 2415 115
835 2381 948 2416 nec
996 2363 1217 2416 uincet
1263 2365 1432 2417 ratio
1474 2365 1590 2417 hoc
1630 2369 1837 2417 tan-a>

85 2436 344 2487 tundem
392 2440 462 2488 ut
507 2440 730 2506 peccet
782 2437 1073 2507 idemque
1130 2441 1181 2490 et
1235 2439 1463 2508 reliqua:
1518 2458 1615 2491 nec
1670 2440 1770 2491 hoc

85 2528 340 2589 umquam
387 2511 524 2563 ratio
573 2511 860 2580 obtinebit,
907 2516 966 2564 ut
1015 2511 1200 2564 eadem
1247 2515 1465 2581 peccata
1512 2513 1771 2566 credenda
1815 2544 1817 2546 >

206 2707 230 2744 3
265 2700 358 2744 alia
392 2701 454 2744 M
624 2707 649 2744 5
683 2703 978 2746 euandmtum
1010 2703 1222 2747 manibus
1259 2704 1320 2746 M
1489 2710 1514 2747 ὃ
1548 2705 1770 2747 0161661116

89 2761 152 2803 M
286 2765 308 2802 7
343 2759 592 2804 celatorem
627 2762 689 2804 M
825 2767 850 2806 8
885 2764 1135 2817 quaerente
1167 2763 1239 2806 uel
1272 2764 1460 2806 auctore
1492 2776 1574 2805 nos
1724 2776 1770 2806 se

85 2820 267 2872 addidi,
299 2819 621 2863 alexandrlum
655 2821 718 2863 M
838 2827 888 2864 11
923 2835 997 2865 me
1031 2835 1143 2877 quia
1177 2822 1238 2864 M
1370 2823 1476 2865 haec
1508 2836 1562 2865 esc
1593 2821 1772 2867 Acrone

88 2880 252 2924 addidi
374 2883 426 2923 13
460 2878 662 2923 liberant
695 2880 758 2923 M
878 2885 929 2924 15
965 2880 1130 2924 docma
1164 2881 1226 2924 M
1345 2887 1397 2925 19
1430 2895 1590 2937 prome
1625 2881 1687 2924 M

85 2943 145 2981 20
176 2940 292 2983 recti
326 2939 388 2982 M
490 2943 546 2981 22
579 2938 828 2984 deternma
862 2941 923 2983 M
1026 2946 1081 2984 23
1115 2943 1136 2983 ἕ
1171 2941 1242 2994 M,
1275 2940 1368 2984 sint
1400 2956 1429 2995 ς
1534 2945 1591 2985 24
1621 2940 1772 2985 fermu

84 2997 155 3040 M
269 3003 324 3042 29
359 2997 483 3053 quod
515 2997 690 3041 malum
726 2999 788 3042 M
