1939 3197
217 112 248 163 8
862 114 981 158 0οΕ
1014 115 1048 170 1,
1081 120 1106 158 3
1140 116 1189 159 et
1220 120 1260 160 4.

215 246 317 299 bus
379 246 623 300 homines
680 248 1002 301 laborarent.
1083 252 1371 304 secundum
1426 271 1542 305 eam
1598 253 1902 321 opinionem

212 319 344 373 haec
384 321 643 374 dicuntur.

925 396 1045 440 0οΕ
1081 402 1118 453 1,
1152 402 1192 441 4.

364 482 661 537 Soluitur
709 487 875 538 acris
921 487 1169 556 hiemps
1220 491 1406 557 grata
1457 490 1594 542 uice
1634 491 1802 543 ueris
1844 494 1905 544 et

170 570 191 602 5
215 555 474 609 Fauoni.
551 559 683 611 haec
725 560 822 612 ode
865 561 932 612 ad
964 560 1022 613 L.
1057 560 1290 614 Sestium
1332 564 1667 615 consularem
1707 565 1905 633 scripta

215 634 311 699 est,
353 650 458 700 qua
498 632 802 686 describens
844 636 995 687 uerni
1035 637 1292 705 temporis
1328 637 1560 706 gratiam
1592 636 1907 691 cohortatur
1938 676 1939 691 1

213 705 281 756 ad
312 705 594 760 laetiorem
625 708 1180 778 indulgentioremque
1213 711 1396 779 uitam,
1438 711 1732 764 admonens
1765 731 1904 764 mor-

211 781 322 831 tem
371 782 668 849 aequaliter
717 783 966 835 omnibus
1014 784 1291 836 inminere.
1448 786 1475 836 1
1527 788 1713 854 grata
1765 786 1904 839 uice

212 853 380 906 veris
431 858 492 906 et
537 855 796 908 Fauoni.
873 857 1175 910 Fauonium
1221 861 1465 928 uentum,
1514 860 1604 928 qui
1653 857 1906 929 Ζέφυρος

147 941 188 973 10
214 925 417 999 Graece
482 930 812 999 appellatur,
876 932 1017 983 ueris
1076 935 1318 1000 tempore
1379 933 1613 1001 incipere
1666 933 1794 986 flare
1852 937 1906 986 et

211 999 547 1072 Uergilius
587 1005 742 1056 testis
785 1008 880 1073 681,
922 1007 1013 1074 qui
1054 1007 1129 1058 sic
1170 1008 1266 1059 ait:
1332 1005 1495 1058 Uere
1535 1025 1701 1059 nouo
1743 1008 1905 1078 geli-

212 1075 326 1127 dus
374 1078 552 1130 canis
602 1096 737 1130 cum
784 1080 1112 1132 montibus
1152 1100 1330 1133 umor
1370 1080 1670 1150 Liquitur
1709 1084 1769 1133 et
1808 1100 1903 1134 ze-

210 1149 413 1218 phyro
452 1153 664 1219 putris
706 1171 770 1204 se
810 1154 1002 1222 gleba
1040 1156 1331 1206 resoluit.
1445 1156 1512 1207 10
1551 1158 1764 1208 terrae
1807 1175 1904 1208 so-

210 1224 385 1276 lutae
432 1228 615 1277 utrum
666 1227 891 1279 eliberae
944 1231 998 1279 et
1037 1229 1201 1280 cultui
1243 1247 1353 1282 non
1392 1229 1774 1282 inseruientes'
1824 1231 1904 1282 in-

146 1311 187 1342 15
213 1297 588 1368 tellegendum,
621 1302 682 1351 ut
713 1303 869 1368 prata
903 1301 1208 1370 significare
1241 1303 1500 1370 uideatur,
1531 1321 1604 1355 cm
1637 1306 1904 1372 ‘tempore

211 1374 264 1423 61
303 1375 456 1424 668111
497 1374 634 1426 aeris
677 1375 899 1442 solutae,
941 1394 1075 1444 quae
1114 1377 1277 1444 paulo
1321 1379 1445 1428 ante
1476 1376 1680 1446 frigore
1711 1377 1903 1431 hiemis

213 1445 432 1498 strictae
473 1447 697 1499 erant’?
751 1449 826 1500 sic
866 1452 920 1500 et
960 1449 1409 1519 Uergilianum
1448 1450 1579 1502 illud
1620 1469 1676 1503 se
1714 1451 1902 1504 habet:

210 1518 293 1571 Et
332 1520 608 1589 zephyro
647 1523 857 1590 putris
900 1542 962 1575 se
1003 1525 1191 1592 gleba
1229 1524 1517 1576 resoluit.
1630 1525 1696 1576 11
1737 1543 1903 1578 nunc

212 1595 274 1644 et
327 1595 391 1645 in
445 1596 766 1648 umbrosis
816 1596 849 1647 f.
899 1597 946 1647 d.
986 1597 1018 1648 i.
1058 1598 1091 1649 1.
1144 1598 1220 1650 816
1276 1601 1330 1649 61
1376 1597 1706 1667 Uergilius
1763 1599 1904 1651 ueris

144 1686 187 1717 20
212 1670 423 1736 tempus
480 1672 666 1737 aptum
713 1670 927 1722 rusticis
985 1671 1052 1722 ad
1109 1671 1517 1724 sacrificandum
1573 1672 1722 1741 dicit,
1779 1672 1904 1742 quia

209 1745 359 1794 tunc
400 1744 607 1795 somni
648 1744 864 1796 dulces
906 1747 958 1796 et
996 1748 1146 1797 tunc
1185 1746 1572 1798 mollissima
1611 1746 1775 1798 uina.

214 1816 282 1868 12
317 1834 424 1868 seu
454 1820 682 1885 poscat
715 1836 890 1888 agna.
942 1819 1169 1871 adtende
1196 1819 1455 1872 feminino
1483 1837 1677 1889 genere
1703 1838 1903 1889 agnam

210 1890 466 1943 maluisse
514 1891 686 1944 dicere
736 1911 896 1961 quam
937 1910 1135 1962 agnum
1175 1894 1466 1946 secundum
1504 1894 1638 1946 illud
1675 1893 1902 1964 Uergi-

209 1963 485 2016 lianum:
555 1964 638 2017 Et
701 1984 889 2018 caesa
952 1967 1311 2037 iungebant
1371 1967 1634 2020 foedera
1695 1987 1902 2036 porca.

144 2056 187 2089 25
209 2038 390 2091 nescio
439 2039 567 2108 quid
615 2040 758 2092 enim
805 2041 1067 2109 quaedam
1116 2042 1488 2110 eloquutiones
1542 2059 1639 2109 per
1692 2042 1901 2094 femini-

210 2130 339 2163 num
387 2130 558 2182 genus
607 2114 870 2183 gratiores
918 2115 1069 2167 fiunt.
1188 2116 1254 2167 13
1294 2115 1540 2184 pallida
1587 2134 1753 2168 mors
1803 2134 1902 2168 ae-

212 2204 331 2254 quo
395 2187 613 2254 pulsat
674 2188 846 2255 pede.
918 2207 1019 2257 ‹per
1080 2190 1337 2242 tabernas
1398 2190 1648 2258 uulgares
1713 2189 1902 2242 domos

212 2259 495 2328 significat,
541 2279 637 2328 per
684 2264 860 2314 turres
909 2262 1142 2315 altiores.
1262 2265 1327 2316 18
1367 2281 1479 2315 nec
1526 2280 1723 2331 regna
1767 2263 1904 2315 uini

211 2333 486 2386 sortiere
533 2335 702 2386 talis,
779 2335 881 2387 hoc
930 2336 997 2387 ad
1045 2337 1358 2405 magisteria
1397 2337 1747 2388 conuiuarum
1786 2354 1903 2405 per-

143 2425 187 2459 30
211 2406 363 2475 tinet,
404 2425 538 2476 quae
576 2409 813 2460 talorum
852 2409 1083 2461 iactibus
1117 2411 1298 2462 sortiri
1332 2410 1519 2462 solitos
1553 2412 1606 2461 et
1635 2409 1901 2463 Plautus

213 2480 484 2549 significat
521 2482 579 2533 in
619 2481 940 2551 Captiuis,
980 2483 1111 2536 item
1150 2484 1208 2535 in
1246 2482 1565 2535 Asinaria.

333 2618 383 2656 11
420 2612 587 2670 Georg.
623 2618 659 2669 1,
694 2619 749 2657 43
892 2619 945 2658 18
979 2613 1143 2671 Georg.
1182 2620 1219 2669 1,
1254 2620 1310 2658 44
1439 2620 1493 2658 21
1528 2613 1694 2670 Georg.
1730 2619 1768 2668 1,
1802 2619 1901 2671 342,

211 2677 295 2715 341
420 2677 477 2716 24
507 2673 619 2716 Aen.
655 2678 695 2727 8,
731 2678 812 2716 641
937 2677 992 2716 31
1027 2672 1160 2729 Caph.
1197 2679 1236 2728 1,
1272 2679 1309 2728 1,
1345 2678 1369 2717 5
1491 2674 1620 2717 Asin.
1653 2678 1692 2729 5,
1727 2678 1767 2728 2,
1801 2678 1857 2716 54

332 2795 357 2833 5
389 2791 605 2846 pubhum
638 2791 701 2834 M
849 2798 873 2835 9
908 2791 1092 2847 zyfirus,
1124 2806 1155 2847 y
1186 2792 1239 2834 in
1277 2805 1301 2834 6
1333 2805 1463 2847 corr„
1498 2792 1562 2835 M
1689 2795 1740 2834 12
1773 2794 1814 2833 et
1847 2795 1901 2835 18

212 2848 367 2904 zefyro
401 2850 465 2892 M
614 2855 668 2893 13
700 2849 841 2908 gleua
874 2851 936 2893 M
1086 2855 1139 2894 15
1179 2863 1240 2894 an
1278 2864 1361 2895 om.
1397 2852 1460 2894 M
1604 2849 1830 2906 temperie
1861 2853 1904 2893 et

212 2906 336 2949 ueris
371 2922 399 2961 ς
429 2908 535 2962 fort.
569 2913 684 2953 ‘recte
775 2913 828 2952 21
863 2924 963 2953 u1n1
996 2909 1058 2952 M
1147 2914 1201 2952 22
1233 2911 1399 2966 poscat
1430 2915 1552 2966 agna
1586 2909 1649 2953 M
1735 2912 1791 2952 27
1823 2921 1901 2964 pe-

213 2963 295 3008 des
329 2965 392 3008 M
507 2981 553 3023 p.
587 2968 624 3011 85
653 2968 872 3012 tabernas
907 2969 970 3011 M
1102 2973 1157 3012 29
1190 2981 1386 3012 sor-ciere
1421 2970 1484 3013 M
1615 2972 1671 3012 30
1704 2967 1900 3022 actibus,

211 3037 230 3066 1
261 3037 292 3066 a
320 3037 377 3068 m.
411 3029 458 3070 2.
491 3028 761 3083 anteposita,
796 3027 860 3071 M
1885 3042 1888 3046 '
