1939 3197
177 119 248 171 94
801 116 921 161 ODE
954 117 1033 172 111,
1066 121 1091 161 9
1126 118 1173 181 <³¹⁶
1207 122 1273 161 10.

178 255 450 307 Thurini
491 258 686 321 autem,
727 253 817 322 qui
857 254 939 304 est
979 271 1008 304 a
1049 252 1252 305 Thuria
1293 253 1489 322 oppido
1531 253 1734 306 Italiae.

182 329 250 382 15
296 348 407 399 pro
458 347 576 397 quo
617 328 714 380 bis
740 326 969 416 patiar
1008 326 1182 380 mori.
1260 330 1522 396 quantum
1563 345 1744 380 carum
1775 328 1871 381 ha-

178 404 304 456 beat
344 402 533 455 Calain
583 420 678 471 per
724 396 1043 470 ὑπερβολὴν
1092 401 1352 470 expressit
1397 402 1480 454 bis
1531 421 1585 454 se
1625 404 1870 485 paratam

178 478 317 530 mori
355 496 452 546 pro
493 477 584 529 illo
627 476 832 543 dicens3
873 475 1016 543 quod
1055 475 1174 528 ideo
1216 476 1423 544 intulit,
1462 479 1523 528 ut
1562 477 1714 528 illum
1753 476 1870 528 0111-

132 564 153 597 5
178 555 342 620 ceret,
389 551 515 620 quia
556 551 769 603 dixerat
816 568 870 602 se
918 552 1168 618 paratum
1221 568 1318 618 pro
1372 518 1538 602 Chloe
1594 550 1746 602 mori.

181 627 246 678 17
305 625 454 694 quid
496 626 548 677 si
587 626 800 694 prisca
839 624 1007 676 redit
1046 623 1278 675 UenuS.
1355 623 1442 677 hic
1474 624 1584 676 iam
1606 627 1871 693 temptare

175 700 365 769 incipit
403 699 655 768 Lydiam,
706 717 777 751 an
815 697 987 751 redire
1028 715 1208 750 secum
1247 698 1305 750 in
1336 698 1575 768 ⁴gratiam
1614 699 1760 751 uelit.

182 774 247 826 18
321 774 749 842 diductosque
789 773 942 842 iugo
988 773 1164 843 cogit
1204 789 1416 824 aeneo,
1495 773 1540 824 si
1564 773 1874 841 rursus7in-

180 848 311 917 quit,
348 867 448 901 nos
474 847 660 901 Uenus
692 847 870 917 iungit
904 865 964 899 ac
988 846 1169 899 firmat
1192 849 1453 915 perpetua
1479 846 1872 900 coniunctione.

112 935 154 967 10
176 926 396 991 propter
435 923 535 975 hoc
578 923 720 975 enim
759 922 946 991 iugum
987 939 1212 973 aeneum
1253 920 1396 973 dicit.
1475 921 1612 973 aeris
1637 939 1871 990 namque

177 997 404 1049 materia
442 1016 555 1049 non
595 997 733 1049 sicut
771 996 973 1048 ferrum
1005 995 1254 1065 rubigine
1283 996 1629 1048 consumitur.
1710 1013 1872 1064 quare

180 1074 232 1123 et
270 1070 603 1140 Uergilius
644 1089 756 1123 11011
798 1071 864 1122 ob
917 1069 1062 1121 aliud
1110 1069 1322 1122 uidetur
1368 1069 1503 1121 mihi
1551 1070 1745 1122 dixisse
1792 1069 1874 1121 Et

178 1148 433 1197 centum
488 1145 724 1197 uinclis
781 1144 960 1197 aenis
1000 1142 1154 1196 Post
1204 1147 1457 1213 tergum
1503 1144 1714 1212 nodis,
1768 1143 1874 1195 nisi

175 1222 237 1271 ut
274 1222 590 1288 perpetuam
629 1237 816 1287 pacem
846 1237 940 1282 per
981 1235 1146 1270 aenea
1170 1218 1367 1271 furoris
1393 1218 1611 1270 uincula
1633 1217 1874 1270 futuram

112 1307 153 1340 15
178 1293 498 1346 ostenderet.
631 1294 697 1345 19
763 1293 815 1344 si
875 1292 1054 1343 flaua
1117 1292 1456 1344 excutitur.
1551 1292 1875 1344 excutitur

174 1386 273 1436 pro
301 1365 621 1437 ‘expellitur’
646 1368 883 1435 positum
909 1368 1003 1418 est.
1134 1367 1202 1418 21
1247 1384 1624 1435 quamquam
1666 1366 1873 1418 sidere

179 1442 431 1495 clarior.
509 1440 686 1494 Calais
729 1441 943 1494 scilicet
1074 1440 1143 1493 23
1201 1440 1575 1522 iracundior
1615 1439 1873 1493 Hadria.

178 1515 383 1568 Hadria
421 1535 517 1585 pro
558 1515 873 1568 Hadriatico
914 1515 1050 1566 mali
1093 1515 1298 1567 dicitur.

872 1660 992 1704 ODE
1027 1666 1066 1716 3,
1104 1666 1170 1704 10.

112 1769 155 1801 20
325 1753 695 1805 Extremum
751 1751 1001 1804 Tanain
1058 1752 1110 1804 si
1165 1752 1419 1804 biberes
1475 1751 1654 1820 Lyce.
1741 1752 1873 1803 haec

177 1828 244 1879 ad
294 1828 530 1896 puellam
569 1825 749 1896 Lycen
801 1826 1019 1878 nomine
1076 1826 1327 1878 dicuntur
1383 1844 1629 1895 asperam
1684 1828 1737 1877 et
1795 1826 1874 1877 in-

176 1901 528 1954 tractabilem.
608 1900 807 1953 Tanais
864 1903 1044 1952 autem
1092 1901 1293 1952 flumen
1333 1903 1413 1952 0013
1454 1899 1727 1969 Scythiae,
1780 1918 1875 1969 per

177 1976 321 2045 quod
373 1976 492 2027 uult
544 1974 787 2045 intellegi
842 1992 956 2027 esse
996 1975 1296 2027 barbaram.
1411 1975 1444 2026 2
1508 1993 1598 2026 me
1660 1977 1876 2027 tamen

179 2068 439 2119 asperas
490 2053 860 2118 porrectum
916 2051 1062 2101 ante
1112 2049 1286 2101 fores
1341 2048 1596 2101 obicere
1636 2048 1873 2100 incolis

113 2141 155 2174 25
178 2125 470 2193 plorares
527 2123 961 2193 aquilonibus.
1039 2141 1123 2175 1110
1178 2125 1362 2175 tamen
1403 2125 1456 2174 et
1496 2122 1570 2175 sic
1610 2122 1876 2174 misereris

177 2216 276 2250 nec
315 2199 573 2267 patereris
613 2198 907 2268 frigoribus
931 2197 1105 2266 perire
1131 2201 1256 2249 ante
1281 2198 1499 2250 ianuam
1523 2199 1675 2248 tuam
1698 2196 1875 2248 iacen-

178 2274 303 2324 tem.
402 2272 638 2324 incolis
705 2275 885 2324 autem
949 2272 1365 2340 aquilonibus
1436 2271 1503 2323 ad
1565 2270 1697 2322 illud
1757 2288 1874 2339 per-

177 2345 331 2415 tinet,
372 2346 513 2414 quod
554 2346 760 2398 dixerat
800 2349 1149 2398 extremum
1196 2345 1445 2397 Tanain
1498 2345 1549 2396 si
1601 2345 1872 2397 biberes.

179 2418 379 2471 Tanais
420 2420 563 2471 enim
602 2420 802 2472 flumen
839 2420 897 2470 in
935 2423 1088 2487 parte
1129 2418 1555 2487 septemtrionali
1596 2421 1691 2486 est,
1731 2418 1873 2478 unde

113 2511 156 2543 30
179 2493 377 2562 Aquilo
405 2493 532 2546 oriri
556 2494 782 2546 uidetur.
913 2493 947 2545 5
989 2512 1106 2562 quo
1147 2511 1366 2545 nemus
1405 2493 1580 2545 intra
1603 2491 1871 2561 pulchra

181 2571 388 2620 satum
442 2570 616 2619 tecta
655 2567 988 2637 remugiat.
1068 2567 1337 2637 significat
1377 2567 1595 2620 arbores
1637 2584 1774 2636 esse,
1813 2569 1873 2618 ut

299 2673 351 2712 12
385 2669 498 2713 Aen.
536 2674 572 2723 1,
607 2673 705 2712 295.

300 2763 322 2800 1
357 2758 513 2801 thuria
543 2771 647 2801 nos:
678 2759 818 2801 thura
852 2759 914 2801 M
1047 2764 1072 2801 2
1107 2773 1249 2813 quam
1275 2773 1303 2813 ς
1424 2763 1449 2801 3
1483 2771 1584 2814 per:
1623 2756 1737 2800 ΠΕΡ

183 2822 207 2859 5
228 2816 308 2871 qui
325 2832 353 2872 ς
444 2822 470 2861 8
497 2817 815 2872 deductusque
840 2819 1018 2873 uicogit
1045 2818 1106 2860 M
1203 2823 1227 2860 9
1253 2817 1426 2861 format
1452 2818 1514 2860 Μ
1605 2822 1658 2860 10
1682 2816 1873 2871 propter

182 2875 362 2932 Pauly:
394 2891 476 2932 per
502 2877 573 2933 M,
606 2890 691 2932 pro
716 2876 940 2931 Haufflzal,
966 2877 1053 2920 hoc
1080 2876 1203 2920 enim
1226 2891 1309 2932 per
1336 2876 1493 2932 Ρααῐτ]
1618 2880 1669 2918 13
1692 2875 1871 2930 poster-

181 2947 294 2989 gum
328 2935 389 2977 M
488 2939 540 2979 15
575 2935 869 2979 ostenderent
904 2936 965 2978 M
1061 2940 1117 2979 20
1150 2951 1182 2979 0.
1214 2936 1385 2979 b1ber1s
1419 2936 1483 2978 M
1580 2939 1634 2978 22
1669 2933 1871 2990 stytlnae

183 2992 246 3035 M
364 2999 417 3037 23
452 2995 651 3038 barbara
685 2995 747 3038 M
850 2999 907 3037 24
939 2995 1157 3050 abicereS‚
1190 3008 1402 3051 prorares
1437 2994 1501 3037 M
1601 2998 1656 3037 26
1688 2993 1872 3049 paterer

180 3051 252 3094 his
286 3052 349 3094 M
437 3058 491 3098 28
523 3054 694 3098 bibens
729 3054 792 3096 M
880 3058 934 3096 29
970 3054 1150 3110 septem
1172 3054 1382 3098 trionalis
1408 3054 1471 3096 M
1559 3058 1613 3096 31
1641 3053 1781 3096 situm
1812 3050 1876 3094 M
