1939 3197
159 127 265 180 320
631 125 932 171 EPISTULA
958 126 1015 182 Π,
1051 132 1090 181 1,
1126 130 1372 171 139—150.

158 266 292 316 trat
328 266 389 315 et
420 281 651 332 pacem.
705 265 888 314 utrum
913 261 1134 314 deorum
1158 279 1346 329 pacem
1366 263 1535 328 [uere]
1555 281 1625 314 an
1648 280 1852 333 pacem,

159 338 214 390 id
239 340 333 407 est,
357 337 520 390 finem
546 336 687 389 belli.
769 336 871 388 139
899 336 1226 405 agricolae
1258 336 1473 404 prisci.
1529 335 1660 388 dicit
1683 355 1852 405 usque

163 412 294 464 adeo
322 412 562 464 carmina
585 411 783 479 ubique
810 412 967 479 grata
991 428 1123 479 esse,
1155 412 1216 462 ut
1241 410 1403 462 etiam
1427 410 1613 462 rustici
1643 413 1852 464 ueteres

163 486 490 538 carminibus
511 503 566 536 se
586 485 928 553 delectarent,
954 502 1075 536 cum
1093 484 1289 536 diuinis
1307 485 1466 537 rebus
1485 488 1850 553 operarentur.

97 582 118 615 5
318 560 420 612 139
461 577 662 628 paruo
702 558 892 610 beati.
970 559 1048 610 ita
1071 577 1181 610 non
1206 559 1370 626 auari,
1409 561 1471 610 ut
1493 559 1634 611 inter
1657 577 1853 627 paruas

164 652 290 702 opes
331 634 478 686 beati
517 634 763 685 uixerint.
883 633 988 684 140
1029 633 1288 685 condita
1326 635 1474 700 post
1511 633 1855 686 frumenta.

162 711 287 776 post
325 726 556 760 messem
597 726 667 759 an
705 710 831 775 post
869 707 1211 759 uindemiam.
1303 725 1432 758 nam
1473 709 1526 758 et
1566 708 1856 759 autumni

160 784 490 834 frumenta
533 781 886 834 Sallustius
929 781 1074 833 dixit.
1193 781 1295 832 141
1341 799 1448 849 spe
1487 781 1646 833 finis
1688 781 1855 833 dura.

163 875 292 909 uera
341 857 609 909 sententia
664 859 746 908 est
798 856 1136 908 tolerabilem
1188 855 1305 908 fieri
1358 856 1600 908 laborem
1654 855 1855 908 laboris

98 954 140 985 10
164 932 271 983 fine
310 931 604 999 proposito.
709 930 813 982 143
853 931 1151 982 tellurem
1190 947 1383 998 porco
1423 948 1521 997 pro
1561 948 1741 998 porca.
1795 932 1856 982 ut

165 1023 190 1058 e
240 1006 508 1057 contrario
556 1004 909 1073 Uergilius:
957 1004 1041 1056 Et
1089 1021 1274 1056 caesa
1322 1004 1678 1073 iungebant
1724 1003 1855 1057 foe-

166 1080 313 1131 dera
352 1097 561 1147 porca.
666 1079 770 1130 144
802 1078 1080 1129 floribus
1114 1081 1175 1129 et
1206 1079 1355 1129 uino
1390 1078 1659 1146 genium.
1712 1081 1855 1130 recte

166 1154 367 1205 dictum
408 1155 509 1221 est,
559 1152 682 1221 quia
691 1195 703 1221 >
752 1152 843 1220 qui
889 1152 1174 1221 indulgent
1221 1151 1379 1220 genio
1430 1170 1547 1220 suO‚
1594 1169 1856 1204 memores

168 1229 296 1279 sunt
349 1227 519 1279 uitam
573 1227 867 1278 humanam
921 1245 1033 1278 non
1096 1244 1210 1278 esse
1274 1226 1596 1277 diuturnam.
1753 1226 1857 1279 145

99 1321 143 1354 15
167 1301 530 1354 Fescennin
543 1320 587 1353 a.
664 1319 760 1368 per
790 1300 950 1368 hune,
990 1301 1181 1369 inquit,
1221 1318 1426 1352 morem
1450 1302 1692 1352 ueterum
1719 1301 1858 1369 agri-

168 1377 406 1429 colarum
446 1375 609 1427 etiam
648 1374 1049 1427 Fescennina
1099 1375 1325 1427 inuenta
1373 1376 1500 1426 sunt
1508 1417 1521 1442 7
1567 1375 1624 1426 in
1664 1375 1857 1444 quibus

169 1450 604 1518 exprimebantur
650 1450 834 1501 iocosa
882 1449 1141 1502 conuicia.
1226 1449 1367 1501 dicta
1415 1452 1596 1500 autem
1633 1448 1857 1502 Fescen-

168 1525 299 1576 nina
333 1525 399 1576 ab
435 1524 631 1592 oppido
655 1523 1005 1592 Fescennino,
1046 1524 1187 1575 unde
1211 1524 1445 1591 primum
1469 1526 1860 1591 processerunt.

168 1601 222 1650 et
259 1598 561 1650 Atellanica
600 1599 881 1650 nominata
922 1601 1061 1650 sunt.
1181 1599 1283 1650 147
1325 1598 1725 1666 libertasque
1765 1616 1860 1649 re-

101 1692 144 1724 20
171 1673 509 1725 currentis.
566 1675 619 1724 et
649 1672 869 1724 licentia
909 1672 1177 1741 cantandi,
1215 1672 1437 1724 libertas
1478 1690 1612 1740 quae
1653 1672 1860 1740 dicitur,

167 1747 473 1799 ioculariter
496 1747 625 1798 lusit
658 1747 807 1798 saluo
849 1764 997 1798 more
1036 1765 1132 1814 per
1165 1747 1535 1798 anniuersaria
1569 1764 1862 1814 sacrorum3

172 1839 497 1890 quamquam
554 1823 704 1889 sunt,
764 1821 855 1889 qui
911 1820 1093 1872 dicant
1153 1839 1249 1889 per
1299 1824 1632 1872 recurrentes
1689 1839 1860 1872 annos

169 1895 474 1947 libertatem
516 1897 550 1960 †
591 1894 887 1946 saturnalia
928 1913 1070 1947 anno
1113 1895 1413 1964 significari.
1521 1895 1623 1946 148
1665 1894 1862 1946 donec

170 1969 294 2021 iam
350 1987 580 2021 saeuos
638 1972 927 2037 apertam
983 1969 1047 2020 in
1093 1988 1173 2021 ra.
1271 1972 1385 2020 tam
1436 1969 1526 2020 diu
1564 1968 1729 2020 iocari
1767 1986 1863 2036 per

104 2062 146 2095 25
173 2043 412 2095 carmina
450 2043 615 2111 licuit7
655 2043 823 2095 donec
862 2061 958 2111 per
981 2044 1156 2096 iocum
1181 2043 1364 2094 multis
1389 2043 1590 2110 inpune
1613 2043 1862 2094 laceratis

173 2117 445 2170 dedissent
485 2136 671 2170 omnes
713 2136 933 2186 operam
946 2160 959 2185 7
1006 2121 1067 2169 ut
1113 2119 1233 2187 lege
1282 2120 1583 2181 caueretur,
1627 2135 1695 2168 ne
1745 2117 1863 2185 quis

174 2210 391 2243 carmen
429 2192 626 2257 infame
678 2195 1037 2260 componeret.
1116 2211 1222 2261 qua
1259 2210 1315 2243 re
1357 2191 1664 2259 constituta,
1705 2191 1863 2243 silen-

173 2266 310 2317 tium
351 2269 432 2318 est
470 2266 765 2334 inpositum
807 2266 1062 2318 archaeae
1104 2266 1426 2335 comoediae,
1464 2266 1521 2317 in
1561 2284 1665 2333 qua
1695 2265 1864 2317 nomi-

174 2340 345 2392 natim
384 2341 499 2391 uita
540 2340 736 2392 ciuium
770 2341 1101 2409 carpebatur.
1207 2341 1311 2393 150
1344 2342 1609 2393 cruento
1651 2339 1862 2391 dente:

294 2491 346 2528 11
382 2488 494 2529 Aen.
530 2491 570 2542 8,
605 2491 687 2529 641

294 2639 315 2676 1
353 2647 413 2676 an
444 2647 553 2677 uere
588 2650 615 2688 ς
724 2641 747 2677 2
781 2649 899 2690 prici
933 2635 996 2678 M
1099 2640 1124 2679 8
1159 2634 1307 2679 sall.US
1343 2634 1405 2676 M
1526 2638 1578 2676 19
1613 2633 1867 2677 acellamca

180 2693 244 2735 M
272 2696 353 2736 aut
385 2693 492 2736 haec
523 2694 713 2736 delenda
743 2695 962 2737 uidemur
995 2699 1076 2737 aut
1107 2707 1216 2738 scr..-
1247 2695 1301 2737 ut
1332 2694 1389 2737 ab
1422 2692 1579 2736 Atella
1609 2693 1685 2736 At.
1808 2696 1865 2736 20

180 2753 406 2796 currentis
441 2752 504 2794 M
606 2757 659 2795 21
694 2753 970 2797 iocularium
1003 2754 1067 2796 M
1172 2767 1300 2797 more
1336 2752 1382 2796 O.
1417 2753 1680 2796 Hermann:
1711 2763 1867 2795 amore

182 2812 245 2854 M
340 2824 575 2854 socrorum
603 2811 665 2854 M
763 2816 816 2854 22
845 2814 1079 2857 currentes
1107 2813 1169 2856 M
1264 2826 1386 2855 anno
1414 2812 1477 2855 M
1565 2816 1620 2854 23
1648 2811 1866 2855 Saturna-

179 2870 350 2913 liorum
381 2872 454 2914 ‘coel
487 2869 858 2914 Saturnaliorum
891 2886 1116 2916 annorum
1147 2873 1219 2915 uel
1253 2871 1490 2915 Saturnali
1522 2883 1642 2914 anno
1677 2885 1706 2925 ς
1811 2874 1868 2912 24

179 2943 251 2971 ira
285 2930 347 2972 M
494 2929 575 2973 diu
605 2930 748 2974 iocari
778 2943 882 2973 2203:
915 2931 1013 2975 diui
1046 2945 1167 2976 orari
1200 2931 1263 2974 M
1410 2935 1465 2974 25
1499 2929 1704 2974 carmina
1734 2928 1869 2972 licuit

182 2988 376 3031 Meiseon·
417 2991 624 3033 carmina
663 2989 895 3044 mahqmd
929 2991 992 3032 M
1152 3003 1323 3047 inpone
1358 2990 1420 3033 M
1582 2993 1637 3032 28
1671 2990 1868 3032 archaea

179 3048 418 3091 comoed1a
452 3049 515 3090 M
