1939 3197
643 111 763 157 ODE
796 113 828 166 Ι,
862 116 914 155 21
950 114 998 155 et
1030 116 1098 155 22.
1641 113 1712 166 27

28 266 210 302 omne
242 265 506 316 perosos
539 247 907 315 femineum,
937 252 1031 299 aut
1049 247 1259 313 penitus
1279 264 1380 314 pro
1414 247 1710 301 ‘funditus'

32 325 87 374 et
125 322 339 390 penitus
379 321 628 373 dilectam
666 339 763 388 pro
796 320 1133 372 familiariter
1165 321 1414 373 dilectam
1444 322 1712 392 intellege.

143 395 172 446 7
220 394 429 463 nigris
477 398 586 446 aut
632 393 1016 462 Erymanthi
1064 395 1265 447 siluis.
1341 395 1711 464 Erymanthus

26 487 182 522 mons
221 468 280 519 in
311 467 542 520 Arcadia
582 472 679 520 est.
748 468 955 537 nigris
997 470 1176 520 autem
1217 469 1403 521 siluis
1443 470 1710 522 umbrosis

23 543 418 611 intellegamus,
533 543 564 595 8
607 540 818 610 Gragi.
860 540 1071 611 Gragus
1104 560 1259 595 mons
1284 541 1481 610 Lyciae
1513 543 1571 595 in
1603 562 1708 613 quo
1735 561 1755 594 5

26 615 310 669 Chimaera
359 615 524 667 fuisse
573 615 779 668 dicitur.
929 615 963 667 9
1003 634 1118 668 uos
1166 615 1393 684 Tempe
1440 617 1712 670 totidem

23 689 244 742 tollite
305 689 620 741 laudibus.
715 689 914 756 Tempe
976 690 1124 741 locus
1188 693 1269 741 est
1321 691 1379 741 in
1433 689 1712 743 Thessalia

27 763 295 832 opacitate
329 766 382 815 et
405 762 582 815 Peneo
615 763 832 814 flumine
866 781 1139 830 amoenUS,
1174 781 1331 831 quem
1363 764 1421 814 in
1451 764 1712 816 honorem

24 837 294 906 Apollinis
348 837 538 889 merito
594 836 878 904 laudabat,
933 836 1075 904 quod
1124 837 1200 888 ibi
1250 838 1430 889 laurus
1481 838 1711 906 plurima

25 911 110 963 sit.
244 911 310 963 12
364 910 781 978 fraternaque
836 928 1117 962 umerum
1172 912 1324 979 lyra.
1401 914 1455 963 et
1507 912 1595 963 hic
1647 930 1712 964 ex
1737 931 1778 963 io

25 984 296 1053 superiore
346 985 525 1052 accipe
576 983 900 1053 einsignem’
951 985 1274 1050 [citharam].
1350 1003 1445 1053 per
1483 985 1712 1055 figuram

22 1057 157 1111 haec
188 1058 460 1126 eloquutio
494 1057 857 1128 intellegenda
888 1061 948 1109 ut
988 1058 1079 1110 sit:
1124 1059 1431 1126 Apollinem
1469 1077 1713 1112 umerum

22 1133 316 1201 insignem,
369 1132 471 1185 hoc
519 1136 622 1184 est:
679 1149 921 1184 umerum
968 1132 1238 1201 insignem
1282 1133 1573 1185 habentem
1590 1176 1603 1201 ‚
1655 1139 1716 1186 ‘tot

23 1204 218 1271 Sacra
265 1223 501 1258 comam
548 1206 742 1258 dicitur
789 1224 819 1257 a
859 1204 1152 1274 Uergilio
1201 1211 1254 1258 et
1294 1207 1462 1258 multa
1503 1207 1710 1259 similia.

140 1280 206 1332 12
238 1279 532 1331 fraterna
559 1322 568 1331 .
596 1322 605 1332 .
630 1280 790 1348 lyra:
824 1280 946 1347 quia
972 1279 1268 1332 Mercurius
1294 1280 1464 1348 lyram
1487 1281 1710 1348 inuenit,
1736 1295 1777 1347 15

24 1353 120 1423 qui
149 1353 316 1405 frater
347 1353 616 1421 Apollinis
649 1357 744 1404 est.
863 1354 931 1404 14
971 1372 1000 1404 a
1040 1354 1277 1421 populo
1320 1356 1379 1406 et
1417 1355 1710 1423 principe

22 1426 308 1480 Caesare.
385 1427 644 1495 numquid
684 1427 978 1495 principe
1019 1431 1073 1478 et
1113 1427 1178 1478 ad
1219 1428 1476 1495 populum
1518 1428 1709 1480 refere-

22 1519 142 1553 mus
192 1503 253 1552 ut
301 1502 396 1553 sit.-
453 1504 505 1552 et
545 1519 576 1552 a
614 1501 814 1568 populo
855 1500 1120 1568 principe,
1171 1502 1296 1569 quia
1335 1502 1566 1569 populus
1605 1501 1711 1554 Ro-

22 1593 216 1626 manus
241 1575 488 1643 princeps
515 1578 690 1626 rector
714 1575 955 1626 omnium
979 1575 1302 1642 populorum
1320 1580 1461 1626 recte
1481 1575 1710 1627 dicitur?

722 1704 840 1748 ODE
880 1710 918 1759 1,
952 1709 1020 1749 22.
1735 1719 1778 1750 20

171 1795 437 1866 Integer
488 1796 662 1848 uitae
718 1796 1116 1864 scelerisque,
1165 1814 1376 1864 purus.
1470 1797 1537 1848 ad
1591 1795 1710 1849 Ari-

26 1871 191 1923 stium
229 1869 461 1922 Fuscum
499 1869 631 1922 haec
679 1870 1007 1934 scribuntur,
1063 1870 1256 1938 quibus
1306 1870 1512 1923 indicat
1557 1871 1710 1923 inno-

27 1944 260 1996 centiam
303 1962 511 2012 semper
550 1948 603 1996 et
642 1944 839 2012 ubique
879 1946 1053 1995 tutam
1093 1962 1229 2010 esse3
1272 1944 1421 1996 cuius
1454 1945 1530 1996 rei
1561 1945 1710 1996 testi-

24 2017 268 2071 monium
305 2017 419 2086 ipse
460 2018 723 2086 acceperit
759 2025 904 2084 tunc,
945 2036 1064 2069 cum
1102 2018 1160 2068 in
1194 2016 1406 2069 Sabinis
1446 2019 1503 2069 in
1536 2019 1709 2087 agello

23 2109 122 2144 suo
171 2092 496 2159 spatiantem
544 2110 597 2143 se
649 2092 807 2159 lupus
859 2091 1134 2142 inmensae
1194 2091 1583 2160 magnitudinis
1629 2091 1710 2144 fu-
1735 2115 1777 2147 25

23 2165 177 2234 gerit.
255 2168 309 2215 et
360 2165 492 2216 haec
550 2165 734 2216 dubito
782 2167 963 2215 utrum
1009 2164 1316 2216 ioculariter
1355 2165 1602 2217 dicantur
1642 2183 1712 2217 an

23 2257 169 2306 uerO,
202 2239 464 2307 *quoniam
503 2238 615 2307 lupi
648 2238 898 2290 dicuntur
931 2238 1099 2290 solere
1133 2238 1432 2307 singulares
1463 2239 1710 2292 homines

24 2311 295 2364 inuadere.
451 2314 478 2364 i
534 2313 789 2381 integer
851 2313 1038 2363 uitae.
1132 2315 1191 2364 ut
1243 2311 1601 2382 Uergilius:
1666 2311 1709 2365 O

22 2389 366 2454 praestans
424 2387 618 2438 animi
672 2387 941 2438 iuuenis.
1056 2386 1092 2437 4
1137 2385 1338 2438 Fusce
1389 2387 1711 2455 pharetra.

147 2536 201 2573 14
232 2531 345 2574 Aen.
381 2537 418 2585 7,
454 2537 508 2575 60
632 2536 687 2576 28
720 2532 833 2576 Aen.
871 2537 938 2587 12,
974 2536 1026 2574 19

151 2669 172 2706 1
206 2677 446 2720 perossum
479 2665 541 2707 M
660 2667 740 2708 aut
772 2665 958 2721 penitus
990 2679 1074 2721 pro
1108 2665 1272 2709 addidi
1407 2669 1431 2706 2
1465 2677 1548 2719 pro
1580 2662 1713 2706 fami·

24 2722 207 2766 liariter
239 2722 460 2766 dilectam
491 2724 560 2767 bis
593 2724 655 2767 M
756 2724 970 2780 intellegi
1004 2725 1066 2766 M
1184 2729 1208 2767 3
1240 2722 1540 2779 herymanthi
1573 2722 1635 2764 M

26 2785 57 2824 4
89 2781 310 2824 archadia
343 2782 406 2824 M
523 2788 548 2826 6
582 2783 788 2826 chimera
822 2783 883 2825 M
970 2784 1170 2838 temperi
1202 2782 1350 2826 sidem
1384 2782 1446 2824 M
1556 2786 1581 2825 9
1613 2780 1712 2824 lau-

27 2839 112 2884 dat
144 2855 172 2895 ς
325 2845 376 2883 11
410 2840 640 2897 insignem
672 2842 722 2885 id
752 2846 816 2885 est
845 2843 1069 2897 insiynem
1101 2841 1311 2885 cithara?
1459 2845 1512 2884 13
1543 2841 1598 2883 ut
1628 2853 1710 2884 om.

26 2899 92 2941 M
187 2904 243 2942 14
274 2912 406 2944 sacra
440 2899 617 2957 Pauly:
648 2900 766 2944 la&a
791 2901 853 2943 M
882 2900 1054 2944 scissa?
1087 2901 1143 2954 cf.
1178 2901 1240 2944 ad
1270 2913 1396 2943 serm.
1430 2903 1473 2952 1,
1504 2903 1546 2954 1,
1580 2902 1621 2943 5.

29 2962 83 3002 18
113 2958 178 3059 {it
207 2971 291 3003 om.
326 2959 388 3001 M
491 2963 546 3002 23
577 2960 730 3003 totam
762 2960 824 3002 M
927 2964 982 3004 29
1017 2973 1182 3003 animis
1217 2959 1278 3001 M
1379 2957 1508 3017 fusce
1538 2957 1714 3001 faretra

25 3051 37 3061 .
72 3051 82 3061 .
135 3019 288 3061 aretra
321 3018 384 3060 M
