1939 3197
727 86 846 131 ODE
880 88 957 143 IV,
991 95 1030 134 9.
1608 95 1712 148 135

32 217 84 269 si
124 218 272 286 quid
320 220 469 271 olim
507 220 665 273 lusit
704 220 1056 276 Anacreon.
1132 225 1310 294 lusit,
1358 228 1547 298 inquit,
1587 232 1712 299 quia

30 292 161 344 iocis
215 295 269 344 et
322 293 584 346 conuiuiis
640 295 805 364 digna
856 297 1082 366 scripsit.
1238 301 1301 352 11
1355 302 1711 372 uiuuntque

32 366 352 418 commissi
392 368 637 420 calores
677 368 942 423 Aeoliae
981 371 1223 426 fidibus
1263 377 1535 443 puellae.
1612 396 1710 431 ca-

30 440 199 491 lores
237 458 334 508 pro
377 439 622 494 ‘amores'
655 443 918 497 dicuntur.
982 444 1198 515 Sappho
1226 452 1405 501 autem
1430 450 1712 521 significat,

31 530 165 581 quae
203 512 426 566 Aeolide
466 515 692 569 dialecto
732 536 830 569 usa
870 522 963 570 est.
1097 522 1162 574 13
1203 541 1329 574 non
1369 525 1507 576 sola
1547 543 1708 578 com·
1733 540 1754 573 5

29 590 177 655 ptos
233 589 394 640 arsit
456 590 732 643 adulteri
795 592 1018 646 crines.
1119 597 1280 648 arsit
1341 598 1549 650 crines
1611 619 1708 668 pro

31 659 276 728 ‘deperiit
315 666 474 731 atque
514 664 734 716 amauit'
772 666 972 718 dictum
1005 671 1099 720 est.
1160 669 1262 721 hac
1288 674 1466 722 autem
1489 673 1708 740 periodo

29 734 235 804 colligit
274 754 430 805 saepe
471 738 655 790 eadem
705 739 872 808 facta,
918 760 1053 809 quae
1100 743 1328 812 legimus
1375 745 1515 797 circa
1551 745 1711 798 Ilium

29 811 202 877 gesta3
240 812 328 862 sed
363 827 422 863 ea
460 815 676 881 tantum,
716 814 858 881 quod
896 814 961 866 iis
1002 816 1175 869 clarus
1213 820 1376 885 poeta
1407 821 1708 890 contigerit,

26 886 340 951 perpetuam
388 885 682 938 obtinuisse
729 889 1057 942 memoriam.
1207 892 1276 944 29
1324 894 1581 960 paulum
1621 911 1777 947 se210

25 957 247 1025 pultae
288 958 488 1011 distat
526 960 799 1013 inertiae
834 963 1042 1015 celata
1074 965 1299 1017 uirtus
1361 985 1488 1036 non,
1519 968 1712 1037 inquit,

27 1031 196 1084 multo
238 1032 402 1084 distat
441 1034 507 1085 ab
546 1035 741 1087 inertia
781 1036 969 1107 uirtUS,
1009 1037 1053 1089 si
1091 1042 1152 1091 ut
1192 1039 1254 1091 de
1294 1040 1386 1092 illa
1417 1041 1495 1093 ita
1519 1042 1582 1094 de
1607 1043 1709 1095 hac

29 1122 239 1173 quoque
287 1106 521 1161 sileatur.
672 1110 742 1162 35
791 1112 1091 1164 secundis
1145 1115 1546 1182 temporibus
1602 1117 1711 1169 du-

28 1177 279 1247 biisque
334 1185 547 1235 rectus
622 1183 678 1234 id
740 1188 844 1237 est:
908 1188 963 1237 et
1022 1188 1293 1255 prosperis
1357 1192 1410 1240 et
1473 1190 1710 1243 aduersis

29 1253 352 1320 aequitatem
391 1257 642 1309 retinens,
765 1259 833 1311 37
883 1259 1117 1312 uindex
1168 1279 1397 1314 auarae
1445 1263 1708 1316 fraudis.
1735 1278 1777 1312 15

27 1325 295 1379 uindicem
354 1347 499 1381 nunc
559 1349 656 1398 pro
707 1334 957 1400 punitore
1008 1335 1209 1403 posuit,
1265 1336 1390 1404 quia
1438 1337 1711 1390 uindicare

28 1401 170 1468 apud
194 1405 401 1454 ueteres
424 1422 537 1455 non
561 1407 775 1457 tantum
801 1407 1084 1460 defendere
1109 1427 1296 1460 uerum
1328 1411 1490 1462 etiam
1521 1413 1712 1480 punire

27 1475 308 1543 significat.
445 1478 513 1530 38
563 1479 854 1532 ducentis
896 1482 969 1533 ad
1009 1500 1072 1533 se
1114 1486 1348 1535 cuncta
1385 1486 1711 1552 pecuniae.

26 1550 207 1600 utrum
252 1551 535 1617 pecuniam
580 1572 678 1621 pro
728 1556 956 1607 auaritia
994 1557 1197 1625 posuit,
1237 1576 1371 1626 quae
1412 1559 1602 1612 merito
1644 1560 1711 1612 ad

28 1639 83 1673 se
145 1623 335 1675 ducere
390 1629 582 1677 cuncta
637 1627 852 1696 dicitur,
907 1630 1033 1697 quia
1086 1631 1235 1682 auari
1287 1650 1475 1700 rapere
1530 1635 1712 1686 omnia
1734 1650 1777 1681 20

28 1696 266 1764 student,
313 1715 385 1749 an
432 1699 724 1753 ducentis
772 1703 846 1754 ad
894 1722 957 1755 se
1009 1708 1238 1757 cuncta
1283 1707 1595 1773 pecuniae
1644 1708 1712 1760 ad

25 1769 129 1822 hoc
166 1771 402 1824 referens
451 1773 598 1842 dixit,
638 1776 763 1844 quia
801 1778 1214 1845 pecuniosorum
1254 1780 1486 1849 gratiam
1527 1800 1711 1834 omnes

28 1845 360 1912 sequuntur?
474 1849 542 1900 39
585 1851 940 1919 consulque
981 1870 1108 1905 non
1146 1854 1332 1906 unius
1373 1855 1537 1907 anni.
1605 1856 1711 1908 uir-

26 1921 168 1970 tutes
208 1922 348 1989 tuae,
386 1922 577 1991 inquit,
614 1926 668 1975 te
707 1928 1025 1993 perpetuum
1064 1928 1338 1979 consulem
1377 1928 1599 1980 faciunt.

26 1992 98 2043 40
147 1994 253 2045 sed
300 1997 600 2062 quotiens
658 1998 861 2050 bonus
913 2003 1101 2067 atque
1148 2000 1318 2053 fidus
1365 2002 1552 2054 iudex
1599 2003 1709 2055 ho·
1735 2017 1778 2052 25

27 2069 278 2118 nestum
330 2071 648 2136 praetulit
700 2073 849 2123 utili
903 2074 1133 2126 reiecit
1188 2076 1317 2127 alto
1375 2075 1540 2128 dona
1600 2094 1711 2130 no-

29 2140 309 2192 centium
362 2144 546 2195 uultu
601 2163 709 2213 per
764 2146 1100 2200 obstantes
1157 2152 1453 2202 cateruas
1512 2151 1711 2218 expli-

29 2214 162 2266 cuit
216 2233 327 2267 sua
379 2217 591 2269 uictor
638 2237 822 2272 arma.
922 2222 1193 2291 quotieRS,
1247 2223 1445 2292 inquit,
1501 2225 1710 2281 animus

27 2291 152 2340 tuus
205 2289 430 2343 honeste
485 2292 725 2345 iudicans
779 2296 1019 2363 praemia
1074 2297 1255 2349 oblata
1309 2316 1340 2349 a
1392 2299 1712 2351 nocentibus

25 2364 245 2433 respuit,
283 2365 482 2418 totiens
523 2367 789 2435 gloriosus
830 2369 897 2420 ab
936 2370 1184 2423 hostibus
1215 2372 1500 2424 uictoriam
1529 2391 1710 2442 repor-
1734 2390 1778 2423 30

27 2437 180 2489 tauit.
329 2439 402 2492 45
452 2458 578 2493 non
632 2443 1072 2510 possidentem
1122 2446 1325 2498 multa
1375 2447 1712 2499 uocaueris

28 2513 204 2563 recte
251 2512 527 2566 beatum:
575 2533 687 2568 non
737 2520 880 2569 recte
934 2519 1212 2571 uocaueris
1269 2519 1490 2572 beatum
1542 2521 1713 2572 multa

29 2585 407 2651 possidentem.
544 2590 611 2642 51
664 2608 792 2643 non
830 2591 941 2643 ille
981 2612 1094 2660 pro
1135 2594 1302 2645 caris
1344 2594 1563 2646 amicis
1604 2596 1713 2646 aut

148 2766 173 2804 2
208 2762 393 2806 scribS1t
424 2764 488 2806 M
603 2771 631 2810 4
663 2765 777 2811 saffo
813 2768 875 2810 M
992 2773 1017 2812 6
1051 2782 1224 2812 crmem
1255 2781 1339 2824 pro
1372 2768 1555 2824 depent
1587 2769 1651 2812 M

31 2824 55 2863 7
89 2823 230 2876 atque
262 2835 364 2865 nos:
398 2825 480 2866 aut
511 2839 622 2879 quia
653 2826 716 2869 M
841 2831 866 2870 9
899 2828 1196 2882 gestaquoais
1231 2828 1304 2880 M,
1336 2828 1459 2882 quod
1489 2826 1547 2870 iis
1578 2828 1712 2872 Hau-

28 2880 125 2924 thaz
246 2886 297 2924 11
331 2881 561 2927 inhertiae
596 2885 658 2927 M
784 2890 837 2928 12
872 2888 992 2929 Sicut
1025 2887 1088 2929 M
1222 2892 1276 2930 14
1309 2887 1515 2930 aduersus
1546 2900 1601 2930 ew
1632 2887 1711 2931 ad-

28 2953 188 2984 uersus
219 2953 332 2985 corr.
365 2954 421 2985 m.
454 2946 495 2985 1.
530 2942 593 2986 M
717 2949 774 2990 20
805 2944 1002 2989 ducerae
1035 2945 1098 2989 M
1237 2950 1291 2989 22
1324 2958 1524 3002 pecunia
1555 2960 1714 2991 sorum

31 2998 95 3042 M
211 3005 265 3045 31
298 3001 539 3046 uocabens
574 3003 637 3047 M
664 3003 733 3048 bis
853 3009 909 3049 32
940 3003 1144 3050 beatum.
1180 3004 1311 3049 ordo:
1344 3017 1438 3048 non
1470 3021 1499 3061 ς
