1939 3197
712 107 831 152 ODE
863 108 921 162 ΙΙ,
955 112 979 151 7
1012 109 1060 151 et
1093 113 1132 152 8.
1676 107 1744 160 57

66 247 211 314 apio
260 263 355 314 pro
403 244 560 296 uiridi
599 244 687 295 uel
726 243 867 311 quod
906 243 963 294 in
1003 260 1142 311 aqua
1181 245 1447 294 nascatur.
1526 242 1747 310 depro-

65 336 286 389 perare
327 321 504 370 autem
542 317 697 369 ualde
735 334 1021 385 properare
1063 316 1344 386 significat.
1459 315 1529 367 25
1570 333 1750 383 quem

65 393 278 446 Uenus
320 392 665 444 arbritrum
712 391 759 442 d.
799 391 848 442 b.
925 390 1265 458 archiposian
1306 389 1631 457 [archiposia
1670 392 1752 441 est

64 466 338 519 inchoatio
393 465 632 530 bibendi]
679 464 738 516 in
786 464 1034 516 conuiuio
1081 465 1316 517 talorum
1371 463 1516 515 iactu
1571 463 1751 515 sortiri

66 541 325 593 solebant.
424 538 688 591 Uenerius
740 541 919 590 autem
971 538 1141 590 iactus
1192 539 1249 589 in
1303 537 1426 589 talis
1485 554 1750 588 summum
1775 548 1796 581 5

65 632 347 666 numerum
393 613 582 681 habet,
626 612 679 664 id
727 615 830 679 est,
875 612 1233 664 tricenarium.
1348 611 1419 663 26
1459 628 1586 662 non
1637 627 1751 679 ego

67 688 288 740 sanius
338 686 702 739 bacchabor
749 685 1003 737 Edonis.
1095 684 1293 736 Edonii
1333 685 1564 736 Thraces
1613 687 1753 751 sunt,

67 779 201 829 quos
250 761 386 813 solet
432 760 662 812 ebrietas
710 759 994 812 ferociores
1032 758 1266 810 reddere.
1381 759 1448 809 27
1490 760 1753 824 recepto

67 835 247 886 dulce
288 834 442 885 mihi
481 833 694 886 furere
735 837 832 885 est
872 833 1086 884 amico.
1150 832 1518 900 accipiendum
1559 830 1754 882 extrin-

70 926 221 960 secus
269 906 485 976 ‘etiam’,
536 911 597 960 ut
644 907 734 959 sit:
777 906 938 959 etiam
976 907 1153 958 furere
1195 906 1345 958 dulce
1385 905 1518 956 mihi
1558 908 1639 956 est
1676 922 1754 956 re·
1781 918 1824 950 10

68 985 222 1050 cepto
265 981 450 1034 amico,
1125 1046 1129 1049 ἡ

781 1052 901 1096 ODE
937 1058 976 1108 2,
1011 1057 1050 1096 s,

217 1142 363 1195 Ulla
404 1144 454 1195 si
493 1144 654 1196 iuris
695 1143 818 1196 tibi
857 1143 1169 1211 perierati
1207 1161 1257 1210 p.
1297 1140 1357 1193 B.
1453 1141 1757 1193 scaenicum

68 1218 405 1286 principium.
473 1278 478 1280 ,
518 1218 940 1287 intellegendum
1009 1217 1152 1268 enim
1214 1215 1422 1284 aliquos
1486 1233 1757 1267 sermones

69 1292 444 1360 praecessisse,
501 1292 692 1360 quibus
738 1291 935 1342 Barine
990 1291 1123 1342 haec
1169 1291 1384 1342 noctem
1433 1289 1513 1340 sui
1563 1288 1757 1340 iureiu-
1782 1300 1827 1332 15

68 1365 238 1417 rando
263 1365 581 1433 interposito
606 1365 993 1433 repromiserit3
1035 1364 1158 1416 dein
1182 1365 1470 1432 postquam
1493 1362 1758 1430 fefellerit,

69 1443 185 1490 tum
224 1439 281 1490 in
320 1439 452 1490 haec
476 1439 641 1491 uerba
664 1439 808 1490 hunc
833 1439 1084 1506 erupisse.
1177 1437 1210 1489 3
1251 1437 1439 1488 dente
1481 1436 1532 1488 si
1570 1436 1757 1505 nigro

70 1512 262 1563 fieres
314 1513 428 1563 uel.
531 1512 956 1564 subaudiendum
1012 1511 1341 1563 extrinsecus
1399 1508 1646 1577 ‘saltem',
1699 1511 1762 1561 ut

70 1586 162 1637 sit:
205 1585 248 1637 si
287 1586 373 1637 uel
410 1586 738 1637 lenissimam
776 1603 1007 1654 poenam
1047 1584 1320 1652 obprobrii
1361 1584 1633 1635 sensisses,

72 1658 105 1711 5
155 1659 261 1711 secl
301 1662 368 1710 tu
409 1660 596 1711 simul
638 1660 970 1728 obligasti:
1013 1677 1074 1711 ac
1112 1658 1344 1726 periurio
1385 1660 1438 1709 te
1480 1656 1830 1708 deuouisti.20

222 1733 255 1784 6
319 1733 626 1785 enitescis
687 1734 1023 1802 pulchrior
1085 1733 1300 1784 multo.
1401 1731 1532 1783 adeo
1588 1731 1758 1782 multo

71 1806 345 1874 pulchrior
393 1825 446 1859 es
487 1811 612 1875 post
650 1807 905 1875 periuria,
953 1810 1015 1858 ut
1051 1806 1273 1858 iuuenes
1312 1808 1366 1857 te
1405 1805 1645 1857 uniuersi
1684 1804 1759 1856 di-

71 1880 258 1949 ligant.
357 1898 484 1950 ergo
532 1882 832 1934 iuuenum
879 1881 1138 1949 publica
1176 1899 1273 1947 pro
1317 1878 1576 1931 ‘omnium
1614 1879 1760 1930 iuue—
1816 1933 1821 1938 Α

71 1953 220 2006 num'
247 1954 447 2006 dict-um
473 1958 568 2024 est,
606 1959 668 2007 ut
694 1959 776 2008 est
799 1955 941 2023 apud
984 1953 1389 2007 Sallustium:
1429 1952 1761 2004 Publicam

73 2028 449 2081 miserorum
491 2046 757 2082 causam.
903 2030 934 2080 9
978 2028 1235 2096 expedit
1274 2026 1499 2078 matris
1549 2043 1589 2078 c.
1639 2044 1685 2078 o.
1723 2025 1760 2077 f.
1785 2039 1831 2072 25

77 2119 262 2153 sensus
311 2104 413 2153 est:
464 2120 584 2154 cum
629 2103 760 2154 haec
807 2103 1041 2169 uideam,
1094 2119 1261 2169 prope
1310 2103 1412 2168 est,
1465 2103 1525 2151 ut
1578 2102 1762 2167 putem

74 2175 339 2226 rationem
393 2175 610 2243 pietatis
667 2194 727 2228 ac
781 2176 1103 2245 religionum
1157 2175 1213 2226 in
1270 2174 1599 2226 contrarium
1648 2191 1762 2225 esse

74 2266 308 2316 uersam,
362 2252 444 2317 ut,
500 2250 590 2318 qui
636 2250 788 2318 impii
839 2253 1000 2319 atque
1052 2248 1351 2317 inreligiosi
1406 2248 1534 2316 sint,
1588 2247 1761 2316 magis

76 2322 202 2374 deos
242 2326 665 2391 promereantur.
773 2323 836 2375 11
880 2323 1218 2393 gelidaque
1261 2323 1442 2375 cliuos
1483 2341 1550 2373 m.
1591 2339 1632 2373 o.
1710 2324 1763 2372 et

73 2395 161 2448 hic
209 2400 262 2448 et
307 2396 365 2448 in
412 2414 472 2449 eo
523 2398 613 2466 qui
661 2401 785 2449 ante
831 2398 975 2450 hunc
1025 2415 1212 2450 sensus
1261 2400 1342 2448 est
1391 2413 1486 2464 per
1540 2412 1764 2463 zeugma
1787 2409 1831 2441 30

73 2469 128 2520 id
183 2472 264 2522 est
317 2488 412 2539 per
466 2471 898 2524 coniunctionem
949 2490 1012 2523 ex
1068 2470 1338 2539 superiore
1395 2468 1763 2537 accipiendum

197 2634 253 2673 24
285 2629 384 2674 Cat.
417 2636 486 2687 35,
520 2637 559 2675 3.

198 2768 222 2806 3
256 2764 362 2807 haec
392 2765 538 2808 (Zeleui
649 2769 677 2807 4
714 2764 906 2808 uiuendi
940 2765 1003 2807 M
1113 2769 1138 2807 5
1170 2763 1338 2807 iactus:
1371 2762 1522 2805 laetus
1556 2761 1619 2803 M
1737 2766 1762 2804 6

76 2823 408 2866 tricennarium
442 2823 505 2865 M
630 2828 652 2868 7
687 2824 862 2867 edonus
897 2824 959 2866 M
1093 2828 1147 2867 15
1179 2835 1372 2865 nal-inae
1406 2821 1469 2863 M
1610 2824 1662 2863 16
1694 2832 1764 2863 re-

77 2881 253 2925 fellerit
285 2882 348 2924 M
482 2887 535 2926 19
570 2882 808 2938 obprobrii
838 2895 944 2926 nos.-
976 2881 1277 2938 obprobrium
1312 2880 1383 2935 M,
1418 2879 1476 2923 ob
1508 2877 1764 2935 periurium

77 2940 151 2984 uel
184 2940 243 2984 ob
275 2940 577 2997 obprobrium
610 2956 639 2996 ς
789 2946 845 2985 20
875 2945 976 2997 post
1016 2940 1238 2996 obligasti
1275 2939 1381 2993 fort.
1424 2937 1563 2982 simul
1599 2936 1766 2981 iurasti

80 3001 346 3044 exciderunt
467 3004 522 3043 22
557 3014 770 3044 uniuerse
805 3001 867 3043 M
987 3005 1041 3043 25
1073 3000 1246 3042 matres
1281 2998 1344 3041 M
