1939 3197
668 91 787 136 ODE
821 93 877 149 Π,
913 96 968 135 14
1000 94 1047 136 et
1081 97 1149 136 15.
1680 94 1751 146 65

172 229 210 281 4
247 227 725 295 indomitaeque
764 228 971 280 morti.
1032 227 1384 280 indomitae
1425 229 1577 296 quasi
1611 229 1749 282 fero-

62 303 328 370 cissimae,
380 301 504 369 quia
553 318 711 352 nemo
765 301 831 352 ab
880 319 943 352 ea
980 301 1374 370 indulgentiam
1415 305 1621 370 exoret3
1676 304 1750 354 sic

62 380 116 428 et
152 374 691 427 inlacrimabilem
729 373 1010 427 Plutona
1043 375 1226 426 statim
1259 375 1467 427 subicit.
1569 377 1598 427 7
1642 378 1749 443 qui

60 452 157 500 ter
197 449 472 516 amplum
512 446 866 516 Geryonen.
926 452 1024 500 ter
1064 450 1342 517 amplum
1380 468 1478 518 pro
1514 449 1749 501 trimem-

58 521 143 573 bri
194 522 340 574 dixit.
418 524 471 573 et
525 521 893 589 accipiendum
945 522 1032 574 hic
1088 523 1416 575 extrinsecus
1473 522 1747 592 ‘quamuis
1772 548 1792 580 5

57 598 141 647 ter
183 593 273 666 [et]
318 594 598 663 amplum'.
712 596 779 647 10
819 596 1197 664 quicumque
1236 599 1448 648 terrae
1487 615 1746 649 munere

58 670 380 721 uescimur
430 687 527 737 pro
582 668 927 737 ‘quicumque
978 669 1256 722 uiuimus'.
1396 671 1462 722 13
1501 671 1748 722 frustra

59 745 328 794 cruento
369 741 440 794 M.
475 760 516 794 c,
585 743 890 810 praesentia
928 743 1166 810 pericula
1205 761 1533 812 magnopere
1574 744 1746 795 uitare

56 816 321 884 cupimUS‚
378 834 498 867 cum
553 816 702 867 nulla
750 817 960 868 ratione
1011 818 1241 869 mortem
1292 817 1530 886 effugere
1579 818 1746 885 possi-

54 907 190 941 mus.
308 890 376 940 14
414 889 770 958 fractisque
816 890 994 942 rauci
1040 890 1077 942 f.
1123 888 1192 942 H.
1267 909 1365 959 pro
1405 891 1577 943 inlisis
1619 891 1744 943 dici·
1771 918 1813 948 10

54 965 157 1014 tur.
247 963 312 1014 19
347 963 811 1032 damnatusque
843 964 1026 1033 longi
1063 962 1380 1032 Sisyphus
1416 964 1746 1033 AeolideS‚

53 1037 299 1089 laboris
363 1037 702 1089 damnatus
765 1038 840 1090 sic
896 1038 1090 1089 dicitur
1143 1041 1203 1089 ut
1259 1037 1476 1106 ‘capitis
1526 1039 1743 1090 damna-

53 1109 187 1162 tus'.
286 1111 356 1163 23
396 1114 656 1179 praeter
694 1111 944 1163 inuisas
986 1130 1349 1180 cupreSSOS‚
1388 1112 1580 1181 inquit,
1621 1113 1745 1180 quia

53 1183 333 1236 funeribus
373 1185 608 1252 cupressi
648 1185 1056 1237 adhibebantur.
1117 1185 1377 1237 breuem
1418 1189 1597 1238 autem
1637 1186 1742 1238 do-

54 1257 293 1309 minum
339 1258 395 1309 id
435 1261 516 1309 est
564 1257 769 1310 ebreuis
808 1258 994 1311 uitae'.
1108 1258 1181 1310 525
1221 1259 1512 1311 absumet
1558 1260 1742 1311 heres
1768 1287 1810 1319 15

55 1328 349 1383 Caecuba
386 1331 645 1400 dignior
682 1335 938 1384 seruata
975 1335 1228 1384 centum
1261 1333 1570 1386 clauibus
1610 1333 1744 1385 haec

55 1422 177 1457 cum
214 1404 520 1457 inuectione
560 1405 810 1457 dicuntur
856 1406 1167 1474 corripienti
1214 1424 1430 1475 aeuum,
1480 1407 1624 1474 quod
1676 1407 1742 1458 ad

53 1478 276 1529 nimiam
314 1479 700 1546 parsimoniam
748 1497 802 1530 se
851 1480 1189 1548 constringat
1236 1479 1551 1548 adseruans,
1600 1481 1742 1549 quod

51 1551 207 1603 heres
245 1552 469 1621 prodige
511 1553 580 1604 sit
620 1553 897 1605 abusurus.
1049 1554 1119 1605 26
1161 1556 1221 1605 et
1259 1571 1429 1605 mero
1480 1554 1742 1623 tinguet

51 1626 490 1693 pauimentum
530 1626 817 1694 superbo.
881 1627 1179 1679 effusurum
1215 1645 1337 1678 eum
1367 1628 1572 1695 passim
1610 1629 1738 1680 uina
1763 1657 1808 1688 20

54 1698 344 1768 significat,
408 1717 542 1767 quae
603 1700 691 1751 hic
753 1717 1081 1770 magnopere
1146 1704 1457 1752 seruauerat
1517 1703 1740 1754 reclusa.

54 1773 328 1840 superbo
370 1776 549 1825 autem
590 1774 946 1841 [pauimento]
987 1793 1085 1842 pro
1125 1775 1240 1842 ipse
1281 1770 1557 1843 superbus

747 1933 865 1977 ODE
900 1939 940 1989 2,
978 1939 1044 1978 15.

197 2022 330 2074 Iam
368 2041 569 2091 pauca
609 2027 763 2075 arat.
810 2025 1048 2093 iugera.
1124 2024 1226 2077 hac
1266 2019 1383 2095 ςόδῇ
1425 2025 1488 2076 de
1528 2025 1739 2076 luxuria

50 2097 349 2164 praesentis
390 2097 588 2148 saeculi
630 2097 882 2164 queritur.
961 2115 1148 2150 sensus
1201 2102 1282 2150 est
1328 2100 1531 2150 autem:
1583 2101 1738 2150 tanta
1761 2128 1807 2160 25

49 2169 216 2222 libido
257 2172 338 2221 est
375 2170 478 2221 hoc
517 2173 759 2237 tempore
797 2171 960 2223 latius
1007 2172 1319 2241 porrigendi
1368 2172 1630 2240 aedificia,
1678 2176 1739 2224 ut

50 2243 202 2294 breui
242 2243 477 2295 defuturi
517 2244 625 2296 sint
664 2245 782 2313 agri
821 2245 1064 2297 arationi.
1141 2246 1175 2298 2
1214 2246 1494 2314 undique
1533 2246 1737 2298 latius

52 2319 312 2369 extenta
351 2317 647 2369 uisentur
678 2317 955 2371 Lucrino
994 2322 1226 2388 stagna
1261 2321 1420 2372 lacu.
1482 2338 1596 2372 non
1618 2323 1736 2371 tan-

50 2393 189 2459 tum,
234 2390 432 2458 inquit,
478 2391 537 2442 in
582 2392 922 2444 latitudinem
969 2393 1059 2445 sed
1100 2394 1261 2445 etiam
1300 2395 1358 2445 in
1398 2394 1738 2445 altitudinem

52 2464 270 2516 student
307 2465 579 2534 porrigere
621 2466 883 2534 aedificia3
924 2467 1150 2535 denique
1189 2467 1425 2536 undique
1460 2468 1609 2519 lacus
1633 2466 1737 2519 Lu·
1762 2496 1805 2528 30

52 2537 230 2589 crinus
270 2538 626 2606 prospicietur
665 2540 723 2591 in
763 2538 1074 2608 Campania.
1151 2559 1263 2594 non
1310 2544 1488 2593 autem
1538 2541 1736 2592 latius

52 2613 315 2662 extenta
365 2615 595 2680 stagna
645 2613 1094 2683 intellegendum,
1145 2615 1236 2666 sed
1287 2616 1485 2667 latius
1525 2615 1736 2666 uisen-

172 2821 194 2857 1
228 2815 515 2859 ferocisfflma
548 2816 610 2858 M
757 2823 784 2860 4
817 2817 942 2861 Gen:
990 2833 1033 2874 g.
1070 2819 1132 2861 M
1279 2824 1304 2861 5
1339 2817 1549 2873 quamuis
1590 2819 1643 2860 ut
1675 2818 1736 2862 sit

50 2874 262 2930 quamuis
294 2876 366 2918 ter
398 2874 604 2930 amplum
637 2891 665 2930 ς
800 2882 854 2920 10
885 2891 1036 2921 raucis
1072 2878 1135 2920 M
1261 2883 1312 2920 11
1347 2877 1498 2933 longis
1532 2877 1735 2921 aeohdes

52 2934 115 2977 M
236 2937 288 2977 15
319 2934 454 2992 heres
489 2934 662 2978 cecuba
695 2936 758 2978 M
877 2941 929 2980 17
962 2950 1231 2980 mueccione
1265 2936 1328 2978 M
1446 2941 1499 2979 19
1534 2950 1589 2980 ex
1619 2936 1734 2980 m&o

50 3005 164 3037 corr.
199 2993 261 3035 M
378 2997 432 3036 22
467 2993 737 3049 pauimento
769 2995 915 3039 deleui
1037 3001 1092 3039 26
1128 2995 1309 3039 edifitia
1343 2995 1406 3048 M

138 3083 407 3116 PORPHYfflox.
1354 3074 1380 3113 5
