1939 3197
157 115 229 168 84
858 115 977 161 ODE
1009 117 1089 173 ΙΙΙ,
1123 121 1165 160 4.

155 254 408 305 recreatis
418 295 431 321 7
487 271 608 305 eum
661 253 719 304 in
772 253 1012 304 hibernis
1069 252 1349 305 constituit
1396 253 1707 323 exereitum3
1753 273 1850 323 per
1913 244 1933 308 s}

158 327 301 397 quod
342 328 503 381 etiam
529 326 812 380 Caesarem
842 326 1140 379 studiosum
1173 345 1286 379 esse
1320 328 1561 395 poeticae
1596 329 1844 382 ostendit.
1920 355 1923 357 ·

307 402 376 454 41
430 420 543 454 uos
593 402 735 453 lene
790 401 1136 453 eonsilium
1184 401 1351 454 datis
1401 405 1462 453 et
1509 402 1657 456 dato
1695 419 1848 472 gau-

160 476 325 528 detis
378 476 593 527 almae.
729 493 825 543 per
864 474 1048 528 Musas
1086 476 1140 527 id
1181 478 1262 527 est
1299 493 1395 544 per
1436 477 1671 529 studium
1708 477 1850 530 litte-

115 566 135 599 5
159 568 341 602 rarum
404 551 471 601 ad
535 549 856 618 sapientiam
911 549 1248 603 corroborari
1309 554 1545 602 mentem
1605 552 1850 621 intellegi

159 625 290 677 uult.
383 625 525 676 lene
574 624 717 676 enim
758 624 1100 676 eonsilium
1142 624 1462 693 sapientiam
1503 624 1644 677 dicit.
1777 625 1850 678 42

161 699 394 751 scimus
428 702 495 749 ut
526 699 741 767 inpios
775 698 1043 750 Titanas
1079 699 1544 768 immanemque
1582 699 1850 752 turbam.

158 772 261 825 hae
300 772 579 841 pareebasi
620 773 856 825 ostendit
884 773 1024 825 uires
1053 773 1166 825 sine
1190 773 1477 841 prudentia
1501 792 1614 826 non
1636 777 1851 825 tantum

160 865 330 899 uanas
372 865 510 915 esse,
558 865 746 899 uerum
794 848 955 899 etiam
1004 847 1105 900 sibi
1153 848 1510 916 aduersarias3
1563 865 1658 917 per
1710 848 1853 916 quod
1926 888 1930 890 -

96 941 138 973 10
160 921 356 990 probat
379 921 527 989 illud,
568 922 710 990 quod
736 940 898 990 supra
932 921 1137 974 dixerat
1176 941 1289 975 uos
1327 923 1470 974 lene
1511 922 1854 975 eonsilium

162 996 331 1048 datis
385 999 445 1047 et
492 995 640 1048 dato
697 996 1010 1065 gaudetis.
1141 996 1212 1049 50
1273 996 1486 1048 fidens
1549 997 1852 1049 iuuentus

160 1070 425 1123 horrida
464 1070 769 1122 brachiis.
834 1071 964 1123 ordo
998 1074 1102 1123 est:
1142 1071 1313 1123 fidens
1338 1070 1573 1123 brachiis
1598 1072 1850 1123 iuuentus
1917 1086 1920 1088 ·

160 1144 392 1197 horrida.
465 1145 655 1196 melius
697 1145 840 1196 enim
879 1145 1213 1215 intellegitur
1253 1163 1414 1213 quam
1455 1144 1694 1197 ‘horrida
1731 1145 1852 1196 bra-

78 1245 84 1249 ·
163 1217 331 1270 chiis'.
470 1219 538 1270 51
587 1218 955 1287 fratresque
1003 1219 1347 1271 tendentes
1391 1237 1588 1288 opaco
1628 1218 1855 1272 Pelion

97 1310 138 1343 15
162 1292 534 1361 inposuisse
577 1291 864 1361 Olympo.
927 1293 1292 1346 tendentes:
1326 1293 1728 1346 contendentes,
1791 1293 1855 1345 de

161 1366 265 1419 hoe
306 1370 486 1418 autem
526 1369 580 1419 et
618 1365 953 1437 Uergilius
996 1368 1069 1419 sio
1107 1368 1368 1436 loquitur:

312 1441 429 1493 Ter
470 1444 619 1493 sunt
658 1443 878 1495 eonati
917 1442 1230 1510 inponere
1269 1442 1449 1495 Pelio
1491 1441 1712 1495 Ossam

242 1514 510 1568 Scilicet
576 1519 765 1584 atque
829 1515 1023 1568 Ossae
1086 1516 1462 1569 frondosum
1523 1517 1857 1569 inuoluere

693 1589 1056 1659 Olympum.

98 1682 140 1714 20
241 1663 357 1716 Ter
405 1666 588 1732 pater
637 1667 968 1717 extructos
1011 1665 1245 1717 deiecit
1281 1665 1552 1718 fulmine
1591 1668 1856 1718 montes

315 1738 387 1790 54
428 1741 536 1790 aut
576 1739 725 1806 quid
764 1739 998 1790 minaei
1037 1739 1453 1808 Porphyrion
1494 1743 1689 1792 statu.
1783 1740 1858 1792 sie

165 1810 521 1881 Uergilius:
578 1812 950 1882 Mediaeque
1006 1815 1257 1866 minans
1320 1814 1640 1866 inlabitur
1693 1813 1860 1882 urbi,

165 1886 271 1938 nisi
319 1886 461 1955 quod
511 1890 564 1938 et
609 1887 667 1938 in
713 1887 830 1955 ipsa
881 1888 1118 1956 eorporis
1160 1888 1441 1940 altitudine
1482 1889 1659 1940 minae
1700 1906 1858 1956 quae-

167 1960 291 2012 dam
329 1960 583 2012 uidentur
623 1979 737 2014 esse
779 1964 938 2030 atque
989 1961 1196 2015 horror.
1333 1962 1402 2015 58
1442 1962 1592 2014 hino
1632 1961 1860 2014 auidus

102 2053 144 2086 25
171 2034 358 2086 stetit
397 2033 462 2086 U.
511 2036 728 2087 auidum
775 2034 1081 2088 Uulcanum
1129 2037 1261 2088 dixit
1307 2040 1526 2105 propter
1564 2036 1709 2105 ignis
1750 2036 1860 2088 aui-

169 2108 406 2160 ditatem.
508 2109 579 2161 60
618 2110 852 2162 umeris
891 2111 1225 2178 positurus
1266 2130 1311 2163 a.
1373 2128 1714 2179 numquam
1753 2128 1862 2179 po-

170 2183 415 2234 siturus
464 2201 561 2250 pro
612 2184 722 2252 ‘qui
760 2201 1056 2252 numquam
1094 2185 1295 2253 ponet'.
1449 2186 1517 2238 61
1573 2185 1680 2253 qui
1718 2202 1861 2237 rore

169 2274 325 2324 puro
368 2254 697 2309 Castaliae
737 2258 903 2310 lauit
943 2259 1175 2312 crines:
1242 2258 1478 2312 Castalia
1517 2259 1642 2312 fons
1684 2261 1765 2311 est
1803 2258 1862 2310 in

169 2332 352 2382 monte
392 2329 674 2384 Parnasso.
828 2334 898 2385 63
953 2334 1235 2385 natalem
1288 2334 1540 2385 siluam:
1592 2350 1737 2384 nune
1786 2331 1864 2383 ‘in

104 2421 147 2455 30
171 2421 275 2471 qua
328 2406 489 2455 natus
546 2404 661 2457 est'.
755 2407 910 2458 aliter
966 2407 1104 2458 diem
1157 2408 1393 2460 natalem
1449 2407 1672 2458 dicimus
1683 2448 1696 2476 7
1756 2424 1860 2474 quo

173 2477 291 2545 quis
331 2480 491 2530 natus
532 2484 628 2532 est.
781 2481 852 2532 64
891 2479 1114 2533 Delius
1156 2484 1217 2533 et
1253 2481 1567 2533 Patareus
1607 2479 1860 2549 Apollo.

172 2549 358 2603 Delius
400 2570 430 2603 a
470 2551 604 2606 Delo
644 2554 821 2606 insula
861 2555 1066 2623 dicitur,
1105 2555 1364 2607 Patareus
1411 2574 1441 2607 a
1481 2554 1675 2607 Patare
1714 2555 1862 2622 urbe,

174 2643 308 2693 quae
349 2628 430 2677 est
468 2626 527 2678 in
566 2627 745 2696 Lycia.
900 2628 970 2681 65
1018 2629 1117 2682 uis
1158 2630 1392 2682 consili
1433 2647 1658 2698 expers
1698 2628 1862 2681 mole

296 2763 348 2801 16
383 2756 547 2814 Georg.
577 2765 616 2814 1,
650 2764 732 2803 281
767 2775 867 2815 sqq.
993 2766 1046 2804 22
1079 2761 1194 2805 Aen.
1229 2766 1268 2817 2,
1303 2765 1388 2805 240

293 2865 319 2903 3
352 2862 609 2917 gaudentes
642 2863 705 2906 M
823 2868 847 2907 8
880 2864 1106 2919 par&bas1
1141 2865 1203 2908 M
1322 2871 1374 2908 11
1408 2865 1655 2922 gaudent1s
1691 2864 1754 2907 M

176 2922 229 2960 13
261 2918 553 2977 intellegitur
583 2921 774 2966 horrida
805 2922 1022 2967 iuuentus
1056 2938 1196 2979 quam
1227 2923 1272 2968 h.
1306 2924 1350 2968 b.
1384 2939 1412 2979 ς
1536 2928 1590 2966 14
1622 2935 1768 2980 apaco
1802 2923 1866 2966 M
1909 2979 1911 2982 ι
1938 2954 1939 2959 ,

296 2983 349 3021 17
382 2980 539 3035 pelion
574 2981 637 3024 M
783 2986 836 3025 21
870 2981 1112 3038 porfyrion
1146 2984 1209 3026 M
1349 2989 1402 3027 23
1435 2997 1562 3027 mma
1596 2983 1658 3025 M
1805 2986 1860 3025 31
1906 2988 1921 3041 2

176 3036 362 3092 appollo
397 3039 460 3081 M
577 3045 631 3084 33
664 3055 742 3084 mx
775 3041 956 3085 eonsssu
990 3041 1053 3084 M
