1939 3197
679 57 800 102 ODE
832 60 910 117 111,
945 66 998 106 15
1033 64 1079 106 et
1113 69 1180 110 16.
1634 62 1763 125 ’101

78 188 305 241 multum
355 192 555 258 potare.
631 191 733 245 hoc
788 197 868 247 est
923 197 1065 249 enim
1121 198 1284 253 ‘faece
1337 205 1494 256 tenus
1541 208 1763 274 potare'.

77 279 205 314 nam
244 263 425 331 utique
466 282 584 316 cum
601 268 718 318 tota
758 269 1018 337 amphora
1049 272 1273 343 bibitur,
1312 277 1379 328 ad
1419 278 1621 332 faecem
1645 299 1763 349 per—

76 337 302 389 uenitur.
348 355 445 405 per
467 338 671 391 faecem
699 344 878 394 autem
906 346 1144 398 uetulam
1176 351 1331 402 uetus
1357 351 1543 405 uinum
1570 356 1762 424 accipe.

764 426 884 471 ODE
919 434 960 485 3,
997 436 1063 476 16.

220 497 541 552 Inclusam
580 501 845 556 Danaen
907 508 1107 560 turris
1163 528 1371 565 aenea.
1472 509 1588 585 ςόὃὴ
1628 517 1761 572 haec
1807 529 1828 561 5

70 571 127 622 in
163 571 530 626 Maecenatem
571 576 767 645 scripta
806 582 908 647 est3
949 599 1082 649 quae
1121 583 1334 636 initium
1361 589 1574 655 quidem
1597 591 1762 646 habet

71 645 137 696 ab
177 645 511 700 habitatione
550 648 788 720 DanaeS‚
844 656 1077 706 ceterum
1117 660 1337 728 tractat,
1393 681 1528 730 quae
1570 665 1639 717 sit
1677 668 1759 720 uis

70 719 186 770 auri
227 723 280 772 et
319 725 580 790 quantum
620 727 894 792 potentiae
934 728 1145 782 habeat.
1221 751 1318 799 per
1357 737 1498 802 quod
1525 741 1761 793 ostendit

66 792 124 843 in
177 793 282 845 hoc
335 795 516 847 fictam
570 797 809 851 fabulam
866 801 929 852 de
985 821 1145 856 aureo
1201 805 1359 858 imbri
1408 809 1645 882 DanaeS‚
1699 818 1759 866 ut

67 867 382 920 ostendatur
460 870 596 922 1111111
669 890 781 924 11011
856 893 1014 942 posse
1086 880 1316 946 pecunia
1391 885 1549 952 atque
1623 906 1753 941 auro
1780 911 1822 942 10

66 943 377 1011 expugnari.
529 946 565 996 4
640 949 979 1002 nocturnis
1058 952 1132 1003 ab
1212 954 1539 1011 adulteris.
1616 961 1754 1015 belle

64 1016 404 1068 nocturnis
498 1018 571 1070 ab
667 1020 1004 1092 adulteriS,
1098 1027 1222 1094 quia
1309 1030 1562 1085 adulteris
1647 1054 1756 1089 nox

65 1090 191 1156 apta
238 1092 332 1142 est.
484 1091 517 1143 5
596 1092 647 1145 si
716 1113 843 1148 non
904 1097 1225 1152 Acrisium
1302 1104 1582 1174 uirginis
1646 1110 1754 1162 ab·

66 1161 238 1214 ditae
308 1166 636 1218 custodem
712 1170 1014 1237 pauidum
1069 1172 1364 1242 Iuppiter
1426 1183 1487 1231 et
1538 1181 1752 1237 Uenus

62 1235 378 1290 risissent.
459 1257 644 1292 sensus
702 1246 802 1294 est:
866 1244 1105 1299 Acrisius
1158 1249 1300 1301 filiae
1356 1271 1481 1305 suae
1535 1255 1751 1312 Danaes
1776 1288 1819 1321 15

61 1309 374 1377 pudicitiam
429 1312 834 1382 diligentissime
892 1321 1218 1391 custodibat,
1274 1324 1317 1375 si
1363 1344 1475 1379 non
1526 1329 1752 1401 diligen-

63 1383 196 1434 tiam
236 1384 375 1437 hanc
410 1386 611 1439 elusam
636 1390 836 1442 uellent
868 1390 1053 1445 Uenus
1088 1414 1148 1448 ac
1178 1396 1436 1466 Iuppiter.
1544 1405 1575 1455 8
1617 1423 1752 1459 con-

57 1474 233 1509 uerso
301 1460 364 1510 in
426 1463 695 1526 pretium
764 1466 894 1517 cleo:
973 1469 1098 1533 quia
1158 1470 1394 1538 Iuppiter
1446 1476 1505 1527 in
1561 1496 1750 1533 aurum

58 1548 246 1583 uersus
277 1533 510 1600 pretium
543 1535 755 1588 uidetur
793 1539 959 1591 fuisse
991 1544 1321 1598 concubitus,
1459 1549 1490 1601 9
1527 1569 1749 1607 aurum

57 1622 166 1672 per
206 1606 446 1659 medios
486 1608 577 1660 ire
612 1612 954 1666 satellites.
1000 1615 1057 1667 in
1081 1616 1184 1670 hoc
1208 1619 1315 1671 iam
1342 1639 1558 1677 excessu
1577 1630 1748 1681 consi-
1771 1658 1814 1689 20

55 1678 187 1730 lium
229 1683 309 1731 est
347 1681 574 1750 fabulae,
616 1702 776 1752 quam
807 1687 865 1738 in
896 1689 1159 1758 principio
1185 1695 1380 1760 posuit.
1499 1701 1564 1751 11
1609 1720 1746 1755 con-

57 1752 218 1804 cidit
250 1756 514 1823 auguris
547 1756 778 1828 Argiui
810 1760 1027 1815 domus
1064 1765 1137 1816 ob
1171 1766 1430 1822 lucrum.
1485 1771 1747 1844 Amphia-

53 1826 133 1878 rai
195 1827 418 1896 scilicet,
498 1848 656 1898 quem
727 1833 987 1903 Eriphyle
1048 1857 1182 1892 uxor
1244 1848 1495 1913 corrupta
1557 1852 1744 1903 monili

57 1918 215 1953 aureo
271 1903 521 1970 prodidit.
640 1907 707 1959 13
768 1908 1023 1962 diffidit
1071 1914 1321 1968 urbium
1371 1923 1592 1985 portas
1644 1926 1744 1977 uir

52 1972 328 2027 Macedo.
366 1976 678 2047 Philippum
704 1981 973 2051 significat
988 1985 1282 2040 Alexandri
1305 1990 1492 2061 Magni
1515 1999 1738 2063 patrem.
1763 2027 1806 2058 25

206 2049 272 2100 16
334 2049 712 2119 inlaqueant
775 2056 976 2109 duces,
1090 2060 1470 2131 inlaqueant
1539 2070 1593 2121 id
1634 2076 1736 2126 est:

55 2121 289 2189 capiunt.
409 2125 473 2176 17
539 2132 926 2181 crescentem
990 2135 1279 2201 sequitur
1341 2157 1491 2192 cura
1552 2163 1738 2212 pecu—

50 2194 236 2248 niam.
311 2197 656 2264 reprehendit
680 2219 785 2269 eOS,
818 2204 907 2271 qui
931 2207 1213 2272 pecuniam
1240 2211 1314 2263 sic
1339 2218 1737 2286 concupiscunt,

49 2269 326 2337 tamquam
364 2271 626 2326 feliciores
681 2275 865 2345 futuri,
927 2297 1046 2331 cum
1100 2284 1254 2336 tanto
1308 2287 1429 2353 plus
1482 2292 1735 2346 sollicitu—

49 2341 189 2394 dinis
230 2361 290 2395 ac
330 2362 485 2397 curae
524 2346 781 2418 habeant,
837 2356 1039 2420 quanto
1080 2357 1252 2410 maior
1283 2364 1376 2412 est.
1503 2366 1568 2418 18
1609 2386 1734 2420 ma·
1758 2396 1801 2428 30

46 2415 376 2485 iorumque
415 2419 630 2474 fames.
706 2426 1054 2491 pecuniarum
1094 2432 1357 2486 maiorum
1391 2437 1604 2492 scilicet.
1681 2447 1735 2495 et

45 2488 245 2541 famem
282 2510 425 2544 nunc
464 2513 562 2562 pro
605 2496 864 2552 desiderio
904 2503 1087 2569 posuit
1118 2508 1526 2576 metaphoricos,
1605 2515 1733 2569 dicit

165 2625 189 2662 2
222 2621 399 2665 amfora
431 2624 495 2666 M
627 2632 653 2670 5
685 2627 860 2688 danent
892 2632 955 2674 M
1080 2640 1104 2678 6
1139 2637 1313 2681 scribta
1337 2641 1401 2682 M
1521 2649 1543 2687 7
1577 2646 1636 2689 ad
1670 2649 1734 2692 M

45 2680 278 2722 caeterum
310 2682 511 2725 tractam
536 2684 599 2726 M
716 2692 740 2730 9
773 2689 896 2732 inbri
922 2692 985 2733 M
1075 2700 1125 2737 11
1161 2709 1423 2753 expugnare
1451 2701 1514 2743 M
1607 2707 1729 2751 uelle

46 2738 109 2780 M
228 2744 289 2782 12-
315 2754 396 2794 qui
427 2746 466 2783 et
496 2742 608 2786 abta
632 2745 695 2787 M
815 2754 869 2791 14
899 2750 1156 2798 rabidum..
1182 2760 1367 2800 ris1sent
1393 2759 1455 2801 M
1573 2768 1626 2807 16
1653 2780 1728 2810 011-

43 2797 277 2842 stodiebat
309 2814 337 2853 ς
482 2805 534 2843 17
574 2803 681 2846 haec
712 2819 766 2848 ex
797 2808 977 2852 Acrone
1009 2813 1172 2856 addida·
1317 2822 1369 2859 19
1402 2823 1635 2874 praetium
1669 2829 1732 2871 M

163 2862 216 2902 19
249 2858 415 2901 durum
449 2859 512 2901 M
651 2868 707 2906 20
746 2878 952 2911 excessus
983 2874 1023 2912 et
1053 2870 1212 2916 fabula
1245 2875 1309 2916 M
1448 2882 1503 2921 22
1543 2885 1727 2931 amfian

38 2919 83 2957 et
113 2917 274 2973 enfyle
308 2918 370 2960 M
532 2924 587 2962 25
634 2924 809 2967 maced.
871 2926 1088 2984 filippum
1122 2932 1184 2973 M
1346 2939 1400 2977 29
1435 2943 1655 2987 contante
1686 2951 1726 2990 et

41 2990 172 3038 curre
206 2979 270 3021 M
386 2980 440 3020 32
473 2979 766 3026 metaforicos
799 2984 862 3027 M
