1939 3197
151 134 220 185 66
827 133 946 177 ODE
979 133 1034 189 ΙΙ,
1070 138 1138 178 15.

148 273 267 322 tur.
353 270 389 321 4
418 270 853 336 platanusque
888 269 1138 321 caelebs
1172 269 1428 321 euincet
1458 270 1677 322 ulmos.
1725 288 1840 323 cae-

148 345 313 396 libem
366 344 649 411 platanum
704 343 781 394 ait
836 343 1131 412 eleganter,
1186 344 1442 411 quoniam
1493 362 1520 396 e
1569 345 1840 398 contrario

149 418 393 470 maritari
447 417 664 470 arbores
729 417 1008 487 dicuntur,
1069 417 1262 485 quibus
1323 418 1462 469 uites
1523 418 1839 486 iunguntur.

148 510 245 560 per
293 492 395 544 hoc
447 494 627 542 autem
679 490 950 560 significat
998 509 1112 543 non
1149 491 1255 543 nisi
1292 491 1534 543 luxuriae
1574 495 1628 543 et
1674 492 1841 544 ambi-

104 582 125 614 5
149 566 302 618 tiosis
348 565 720 633 uoluptatibus
768 565 985 617 studeri.
1060 566 1314 634 platanus
1362 565 1505 616 enim
1551 565 1610 616 in
1657 567 1840 618 ambu—

148 640 306 691 lacris
348 639 647 691 conseritur
685 639 826 690 unde
865 639 1074 691 fructus
1113 640 1294 690 nullus
1348 641 1443 690 est.
1581 639 1614 690 6
1656 639 1842 707 copia

147 713 413 765 narium.
491 713 681 765 odores
723 713 869 764 dixit.
987 714 1015 764 7
1068 715 1380 782 spargent
1429 712 1692 765 oliuetis
1739 713 1843 765 hoc

149 790 252 839 est:
308 788 402 839 ubi
457 787 656 840 oliueta
705 787 939 838 fuerunt.
1018 787 1290 856 significat
1341 788 1542 854 autem,
1595 786 1839 839 futurum

147 864 210 913 ut
249 862 396 913 oleae
437 861 656 913 arbores
696 864 979 913 uertantur
1015 861 1082 912 ad
1123 860 1480 913 conserendas
1519 860 1594 912 ibi
1633 864 1841 914 murtos

82 953 124 984 10
149 937 204 987 et
241 935 414 987 uiolas
455 937 509 987 et
548 938 725 987 cetera
764 953 900 1004 quae
942 938 1068 987 sunt
1120 935 1299 987 odoris
1345 934 1654 1003 uoluptarii.
1806 935 1838 987 8

147 1009 484 1061 fertilibus
525 1009 779 1061 domino
819 1009 1039 1077 priori.
1102 1027 1238 1077 quae
1280 1009 1480 1060 oliueta
1521 1009 1620 1060 sub
1659 1009 1839 1077 priore

147 1082 365 1135 domino
419 1083 474 1134 id
529 1086 611 1135 est
665 1083 763 1135 sub
818 1084 1086 1152 prioribus
1137 1083 1471 1150 temporibus
1524 1083 1840 1135 colebantur

147 1160 201 1208 et
255 1157 452 1209 idcirco
508 1157 710 1209 fertilia
765 1160 933 1209 erant.
1086 1157 1117 1209 9
1173 1160 1324 1209 tunc
1381 1157 1591 1225 spissa
1644 1157 1839 1208 ramis

145 1231 366 1283 laurea
411 1231 701 1283 feruidos
751 1231 1048 1283 excludet
1093 1232 1275 1282 ictus.
1354 1234 1406 1282 et
1455 1231 1639 1282 laurea
1679 1231 1839 1284 arbos

80 1322 121 1354 15
145 1305 481 1357 infructuosa
521 1308 604 1356 est
644 1308 697 1356 et
734 1308 950 1356 tantum
988 1304 1327 1372 uoluptuosis
1367 1304 1498 1356 locis
1539 1308 1680 1372 apta.
1769 1305 1839 1357 10

145 1397 274 1431 non
314 1379 405 1430 ita
443 1379 698 1431 Romuli
736 1379 1210 1447 praescriptum
1251 1382 1312 1430 et
1357 1378 1606 1430 intonsi
1647 1377 1836 1431 Cato-

145 1453 245 1504 nis
294 1453 607 1520 auspiciis
655 1472 705 1504 u,
752 1471 803 1504 n.
880 1452 1273 1521 praescriptum
1313 1454 1346 1517 η’·
1383 1470 1482 1521 pro
1525 1456 1669 1505 certo
1711 1453 1837 1504 dici-

144 1530 233 1577 tur
273 1545 304 1577 a
343 1527 616 1596 magistris
655 1526 783 1594 ludi,
823 1527 914 1594 qui
946 1527 1278 1594 praescripta
1308 1526 1488 1594 pueris
1522 1526 1654 1578 dant
1684 1545 1837 1595 prae·
1928 1528 1939 1587 “,

149 1601 460 1669 cipiuntque
493 1601 707 1652 imitari.
769 1601 1049 1652 intonsum
1080 1603 1261 1652 autem
1287 1598 1550 1651 Catonem
1582 1600 1672 1668 ait,
1712 1601 1839 1668 quia
1927 1598 1939 1649 ὲ

79 1694 121 1725 20
145 1677 354 1726 ueteres
408 1677 629 1742 propter
685 1675 1027 1726 seueritatem
1088 1674 1285 1726 hirsuti
1347 1676 1514 1725 erant.
1590 1692 1838 1726 normam
1928 1682 1939 1698 ⁴

144 1766 243 1816 pro
291 1749 478 1818 regula
525 1748 672 1800 dixit.
790 1748 856 1800 13
896 1748 1192 1816 priuatus
1240 1747 1375 1799 illis
1425 1765 1651 1800 census
1700 1751 1839 1799 erat
1928 1747 1939 1787 ’ἶ

143 1822 385 1890 breuiS‚
425 1840 751 1874 commune
783 1839 1102 1891 magnum,
1141 1821 1196 1873 id
1229 1824 1331 1873 est:
1372 1822 1693 1874 familiarem
1722 1840 1837 1874 rem

145 1899 436 1965 angustam
488 1896 795 1964 habebant,
849 1914 962 1948 rem
1015 1896 1288 1963 publicam
1341 1912 1611 1964 magnam.
1769 1896 1838 1947 14

143 1970 324 2021 nulla
364 1970 769 2038 decempedis
810 1972 1063 2021 metata.
1124 1987 1300 2037 nemo,
1337 1969 1528 2037 inquit,
1566 1969 1837 2037 priuatam

78 2063 120 2094 25
146 2043 363 2095 domum
396 2044 684 2095 aedificans
718 2044 899 2095 decem
932 2043 1130 2112 pedum
1161 2043 1429 2111 porticum
1462 2043 1835 2110 septemtrioni

145 2118 370 2183 [autem]
413 2118 679 2170 obiectam
717 2118 1038 2169 metabatur.
1113 2116 1484 2185 septemtrioni
1523 2119 1704 2168 autem
1744 2117 1836 2168 ob-

141 2191 282 2242 iecta
331 2192 571 2259 porticus
624 2194 827 2243 aestate
880 2191 1279 2244 delicatioribus
1335 2193 1490 2260 grata
1544 2194 1654 2259 est,
1709 2191 1835 2258 quia
1927 2180 1939 2256 j}

144 2265 311 2316 solem
349 2283 462 2316 non
502 2266 783 2334 contingit.
886 2267 951 2317 17
993 2283 1106 2318 nec
1145 2265 1490 2317 fortuitum
1531 2282 1832 2332 spernere
1924 2264 1939 2287 ²

144 2339 452 2406 cespitem
489 2339 669 2407 leges
712 2339 1029 2390 sinebant.
1109 2357 1298 2391 sensus
1340 2342 1392 2389 et
1432 2337 1561 2389 ordo
1600 2337 1688 2389 hic
1728 2341 1833 2391 est:
1925 2351 1928 2353 ’

74 2436 119 2468 30
144 2429 242 2463 nec
284 2412 531 2463 sinebant
568 2411 777 2481 legibus
827 2431 1076 2480 spernere
1125 2412 1382 2480 cespitem
1425 2411 1732 2479 fortuitum,
1778 2411 1834 2462 id
1919 2413 1928 2472 J

143 2488 248 2537 est:
300 2503 414 2538 non
451 2486 649 2537 licebat
686 2486 918 2538 inridere
959 2505 1080 2538 eum
1120 2486 1211 2553 qui
1253 2503 1412 2553 super
1452 2485 1707 2553 stipulam
1746 2485 1833 2536 uel
1923 2484 1929 2546 ζ

264 2695 285 2732 1
329 2689 483 2746 celeps
524 2723 532 2732 .
569 2724 577 2732 .
619 2689 816 2733 celibem
857 2689 920 2731 M
1070 2695 1093 2732 7
1136 2690 1275 2734 odore
1310 2690 1373 2733 M
1409 2690 1599 2734 odorem
1632 2704 1661 2744 ς
1805 2694 1830 2731 9
1919 2721 1922 2746 3

141 2748 452 2792 conserandas
487 2749 550 2791 M
700 2754 753 2792 10
787 2748 949 2791 odores
983 2748 1047 2791 M
1189 2756 1239 2792 11
1273 2749 1507 2793 fertilibus
1540 2773 1597 2781 —>
1627 2751 1687 2791 15
1719 2749 1832 2803 apta

140 2808 193 2849 in
227 2808 289 2850 M
312 2812 417 2863 post
447 2811 507 2852 21
542 2806 661 2850 dixit
687 2808 841 2862 posita
872 2811 980 2850 sunt
1107 2807 1340 2851 festilibus
1374 2809 1438 2851 M
1570 2812 1623 2850 13
1655 2806 1832 2850 festilia,
1910 2808 1918 2829 '³

142 2866 205 2908 M
326 2872 381 2909 14
413 2866 690 2910 excludebat
717 2866 779 2908 M
899 2871 952 2908 17
984 2879 1071 2922 pro
1104 2869 1229 2910 certo
1264 2868 1327 2910 M
1352 2867 1656 2923 praeceptum
1685 2880 1713 2920 ς
1743 2879 1829 2921 pro

140 2929 392 2980 praecepto
423 2939 507 2969 ‘nos
544 2928 595 2980 (a
627 2946 682 2961 =
715 2925 992 2969 translatum
1023 2927 1069 2981 a)
1223 2925 1438 2969 ducitur?
1592 2929 1645 2968 19
1680 2925 1748 2968 ait
1777 2925 1831 2966 in
1910 2968 1911 2972 ,

138 2996 230 3026 ras.
267 2984 329 3026 M
477 2990 532 3028 22
567 2984 684 3028 Tom
722 2999 851 3027 mum
891 2997 1162 3040 emagraum
1196 2985 1259 3027 M
1407 2989 1463 3028 24
1495 2984 1656 3028 decem
1686 2982 1829 3039 pedes
1907 3011 1911 3015 -

140 3042 206 3085 M
324 3048 378 3086 28
414 3043 480 3086 sol
515 3057 619 3088 eam
653 3044 810 3100 Pauly
931 3047 987 3086 29
1019 3042 1344 3098 legesmebant
1377 3044 1440 3087 M
