1939 3197
559 60 862 106 EPISTULA
893 61 927 116 Ι,
961 63 1031 115 20,
1067 62 1254 102 17—28.
1643 52 1750 105 309

64 202 264 253 minere
289 199 426 252 libro
454 216 564 250 su0.
667 198 732 248 17
774 213 1005 264 pueros
1047 194 1366 245 elementa
1406 191 1752 242 docentem.

66 275 220 343 quasi
274 274 389 342 ipse
442 272 580 323 liber
632 288 825 338 pueros
878 270 1142 320 elementa
1193 266 1443 318 docturus
1484 264 1567 315 sit.
1684 264 1751 314 18

67 347 365 400 extremis
427 346 492 397 in
553 344 730 396 uicis,
819 344 878 395 in
930 343 1122 394 ultima
1171 340 1413 392 uicorum
1466 340 1641 406 parte,
1693 338 1756 387 ut

67 420 427 473 Terentius:
484 418 557 470 In
611 417 839 469 ultima
892 417 1107 485 platea
1163 414 1306 466 dicit.
1436 412 1502 464 18
1558 411 1755 462 balba

69 497 376 548 senectus.
453 493 645 544 balbus
687 509 862 544 senex.
979 490 1045 541 19
1103 507 1240 540 cum
1279 486 1403 539 tibi
1453 486 1547 537 sol
1586 484 1799 552 tepi-5

68 570 194 621 dus
258 567 547 620 secundum
598 584 802 618 morem
852 564 1198 616 librariorum
1247 562 1458 613 locutus
1507 562 1611 627 est,
1665 558 1757 626 qui

69 643 269 695 circum
325 644 573 710 quartam
626 640 714 691 uel
766 639 1010 708 quintam
1063 638 1254 689 horam
1317 634 1517 686 dictata
1577 634 1757 702 pueris

65 716 322 785 praebere
363 714 754 783 consueuerint,
795 731 898 782 quo
931 715 1172 780 tempore
1196 708 1592 761 tractabiliores
1619 709 1758 758 sunt.

178 791 249 842 20
311 808 402 842 1110
463 788 774 840 libertino
836 789 1053 839 natum
1114 787 1310 853 patre.
1387 782 1503 850 ipse
1544 783 1760 832 enarrat

66 864 236 916 uitam
277 882 429 915 suam
469 862 651 931 cynice
690 879 800 914 non
840 860 1185 913 dissimulans
1216 855 1521 908 humilitate
1547 854 1758 924 generis
1785 863 1827 895 10

70 956 124 990 se
151 955 264 990 esse
288 940 618 1005 prouectum.
718 935 789 987 22
822 937 890 986 ut
930 936 1232 1002 quantum
1273 930 1493 1000 generi
1534 929 1760 980 demas.

68 1030 249 1080 causa,
301 1029 394 1063 cur
443 1011 545 1063 sibi
591 1028 704 1062 non
741 1009 956 1061 tacendi
997 1007 1106 1060 sint
1143 1007 1408 1075 parentes,
1523 1003 1593 1055 23
1633 1002 1760 1071 pri-

68 1086 185 1137 mis
240 1085 420 1137 urbis
474 1084 633 1136 belli
672 1103 722 1152 p.
763 1084 831 1135 d.:
887 1082 1135 1151 August-o
1189 1079 1488 1131 Maecenati
1526 1075 1762 1129 Pollioni

70 1163 122 1211 et
162 1159 365 1211 ceteris.
474 1159 542 1210 23
582 1157 741 1210 belli
783 1157 1089 1225 domique.
1165 1155 1297 1206 haec
1321 1153 1479 1204 modo
1506 1150 1762 1204 aduerbia

72 1236 196 1285 sunt
236 1233 547 1300 accipienda
585 1250 696 1284 non
735 1231 971 1284 nomina.
1085 1229 1157 1281 24
1198 1227 1488 1295 corporis
1531 1224 1759 1294 exigui.
1784 1230 1826 1263 15

69 1307 203 1359 haec
244 1307 532 1375 descriptio
574 1305 1019 1359 characterismus
1061 1302 1269 1355 dicitur.
1384 1302 1456 1352 24
1501 1317 1761 1368 praeca-

69 1399 235 1432 num:
291 1398 520 1449 propera
570 1380 767 1432 canitie
808 1383 861 1431 et
900 1382 1024 1430 ante
1066 1395 1235 1429 annos
1277 1376 1398 1428 albo
1440 1373 1651 1442 capillo.

70 1456 144 1507 24
184 1455 430 1507 solibus
471 1457 711 1522 aptum:
755 1454 974 1505 solitum
1006 1452 1178 1504 iacere
1205 1451 1303 1503 sub
1331 1450 1440 1501 sole
1466 1451 1519 1500 et
1544 1448 1764 1499 chroma

70 1528 258 1581 facere.
373 1528 443 1580 25
493 1531 706 1579 tamen
756 1530 824 1578 ut
876 1526 1225 1595 placabilis
1279 1541 1496 1576 essem.
1581 1520 1765 1573 ἐπιθε-

72 1602 358 1671 ράπευσις,
407 1621 512 1671 qua
550 1601 806 1671 purgauit
845 1600 988 1669 quod
1027 1618 1082 1652 se
1122 1599 1395 1651 confessus
1435 1599 1517 1648 est
1554 1596 1765 1647 iracun-
1789 1603 1832 1634 20

73 1676 214 1728 dum.
329 1677 400 1728 26
462 1676 622 1728 forte
677 1694 876 1727 meum
932 1675 985 1726 si
1034 1674 1173 1742 quis
1227 1675 1303 1724 te.
1380 1671 1572 1737 facete7
1613 1669 1767 1737 quasi

74 1749 238 1801 dicat:
299 1769 408 1802 non
463 1768 647 1802 omnes
705 1750 896 1816 sciant7
963 1748 1053 1800 sed
1104 1748 1193 1799 ille
1247 1747 1390 1798 solus
1446 1744 1766 1813 quicumque

74 1824 415 1892 quaesiuerit.
530 1824 598 1875 27
657 1827 885 1891 quater
931 1822 1242 1874 undenos:
1300 1838 1471 1871 annos
1512 1821 1767 1887 quattuor

0 1927 2 1930 >
73 1900 127 1949 et
166 1898 522 1966 quadraginta
574 1897 704 1949 dicit
759 1901 811 1948 et
859 1897 1018 1948 simul
1059 1895 1307 1962 ostendit,
1347 1896 1401 1944 et
1440 1911 1543 1961 quo
1584 1908 1766 1942 mense

72 1975 231 2022 natus
289 1975 342 2022 et
396 1990 500 2039 quo
558 1989 699 2022 anno
756 1971 948 2022 aetatis
1012 1987 1137 2021 suae
1199 1969 1341 2019 hunc
1395 1964 1769 2034 perscripserit
1792 1970 1835 2002 25

73 2045 286 2096 librum.
401 2045 470 2097 28
528 2045 844 2113 collegam
883 2043 1192 2111 Lepidum
1241 2059 1359 2109 quo
1402 2040 1585 2091 duxit
1623 2038 1768 2090 Lol-

73 2118 215 2170 lius,
291 2119 518 2187 figurate
557 2118 742 2184 uertit,
784 2118 926 2186 quod
966 2120 1067 2169 est:
1126 2133 1284 2185 quem
1325 2132 1526 2165 annum
1562 2111 1767 2164 Lollius

77 2192 228 2244 duxit
281 2210 402 2244 cum
457 2193 661 2261 collega
714 2191 931 2260 Lepido,
1010 2193 1062 2242 et
1117 2189 1297 2241 duxit
1352 2187 1601 2239 esortitus
1657 2184 1766 2238 est'

76 2266 401 2333 accipiamus
411 2308 425 2334 ‚
480 2266 604 2334 quia
660 2269 859 2318 sortem
915 2265 1035 2317 duci
1090 2264 1331 2315 dicimus.
1409 2262 1606 2313 etenim
1655 2263 1769 2312 tam

78 2339 168 2390 diu
209 2340 328 2408 quis
370 2340 631 2409 collegam
678 2340 829 2408 dicit,
886 2357 1046 2408 quam
1102 2338 1192 2389 diu
1244 2337 1360 2405 ipse
1413 2335 1620 2404 collega
1674 2337 1769 2403 est,
1793 2340 1835 2372 30

76 2417 297 2481 propter
337 2414 478 2482 quod
516 2415 619 2466 11οο
660 2413 883 2466 enomen
925 2414 991 2465 ad
1032 2410 1259 2481 aliquid'
1301 2411 1509 2462 dicitur,

197 2564 225 2601 4
256 2558 441 2603 Phorm.
477 2566 516 2615 1,
548 2565 589 2615 4,
623 2564 678 2603 37

201 2683 223 2720 1
257 2677 345 2721 sch.
379 2690 422 2720 u.
449 2682 509 2722 17
540 2692 709 2733 pueros
742 2682 782 2721 et
807 2691 840 2720 0.
867 2681 975 2732 post
1005 2676 1176 2719 scholia
1200 2690 1244 2718 u.
1270 2679 1331 2719 18
1367 2675 1415 2717 in
1449 2673 1511 2716 M
1600 2677 1624 2715 3
1658 2672 1770 2715 uitis

81 2736 143 2780 M
238 2742 266 2779 4
298 2737 465 2780 terent·
500 2737 563 2779 M
667 2743 691 2781 6
725 2750 921 2780 morem:
954 2749 1123 2779 nomen
1156 2735 1218 2778 Μ
1324 2739 1376 2777 10
1407 2729 1675 2776 humilitate
1710 2730 1775 2773 M

202 2800 254 2838 1-2
290 2808 430 2839 eausa
462 2810 544 2839 cur
575 2809 681 2839 nos:
721 2798 939 2839 causatur
974 2795 1036 2838 M
1152 2795 1330 2837 tacenti
1368 2792 1431 2835 M
1549 2794 1602 2834 15
1651 2803 1770 2833 acci-

77 2854 299 2910 piendam
333 2855 396 2897 M
515 2860 567 2898 17
601 2856 822 2899 canitiem
857 2855 920 2897 Μ
1039 2859 1093 2898 18
1123 2853 1271 2897 latere
1305 2852 1367 2895 M
1485 2855 1540 2893 25
1572 2863 1769 2908 prescri-

78 2913 322 2969 psentM
426 2914 659 2981 27—uertit
688 2928 792 2957 2203:
824 2913 961 2970 perid
995 2914 1068 2966 M,
1098 2926 1185 2969 pro
1217 2925 1270 2956 eo
1305 2911 1462 2967 Pauly
1565 2914 1619 2953 31
1653 2909 1770 2952 EPI-

0 2994 15 3037 ,ἱ
82 2985 416 3031 STVLAR-VM
448 2987 560 3030 LIB·
593 2988 628 3031 I·
661 2986 946 3032 EXPLICIT
985 2986 1225 3030 INCIPIT·
1258 2985 1313 3029 II·
1355 2983 1678 3029 FELICITER
1711 2981 1775 3024 M
