1939 3197
737 81 856 126 ODE
887 82 923 140 Ι,
955 87 981 127 s
1014 84 1061 126 et
1093 87 1134 127 9.
1711 81 1776 133 13

91 217 203 268 lum
242 217 464 269 misisse.
619 218 685 269 13
725 216 876 285 quid
921 217 1093 268 latet·
1131 218 1199 267 ut
1244 216 1528 268 marinae
1567 216 1777 269 filium

93 291 312 343 dicunt
350 290 656 342 Thetidis.
735 286 1027 358 σύλληψις,
1083 290 1209 358 quia
1260 307 1324 341 ex
1371 308 1454 359 60,
1509 290 1650 358 quod
1697 294 1778 341 est

90 365 272 431 latet,
310 364 534 415 latuisse
575 363 941 432 accipiendum
982 366 1076 416 est.
1158 364 1225 415 16
1266 367 1327 415 et
1364 362 1591 431 Lycias
1630 382 1775 430 pro—

89 437 332 505 riperet
378 440 691 489 cateruas
767 437 1051 489 manifeste
1098 437 1185 489 hic
1235 436 1461 505 Lycias
1509 455 1605 504 pro
1648 437 1775 489 Tro-

90 511 228 562 ianis
266 511 460 579 posuit.
1801 527 1821 559 5

801 626 919 670 ODE
955 632 993 681 1,
1028 632 1068 670 9.

239 715 436 768 Uides
485 719 552 767 ut
599 717 729 768 alta
769 719 897 768 stet
944 717 1090 768 niue
1139 716 1476 769 candidum
1517 715 1567 769 S.
1636 716 1774 768 Tha-

89 790 350 842 liarchum
390 790 456 842 ad
494 791 772 842 laetiorem
811 790 980 842 uitam
1018 790 1280 858 hortatur,
1319 793 1380 841 ut
1408 790 1616 841 lusibus
1650 789 1775 841 adu-

88 864 386 931 lescentiae,
427 864 680 933 quamdiu
720 867 865 915 aetas
897 864 1176 932 permittit,
1215 867 1411 916 utatur.
1480 863 1779 916 notandum

90 940 268 990 autem
308 937 450 1006 quod
487 941 678 990 neutro
718 955 911 1007 genere
951 936 1168 991 Soracte
1209 939 1413 1005 dixerit,
1454 955 1573 989 cum
1612 938 1775 1006 uulgo
1802 960 1843 991 10

90 1009 258 1064 Sorax
297 1011 515 1063 dicatur.
586 1014 667 1063 est
707 1014 884 1063 autem
922 1011 1009 1064 hic
1048 1030 1205 1064 mons
1246 1012 1304 1062 in
1341 1011 1579 1063 Faliscis.
1650 1014 1777 1063 stet

88 1088 267 1137 autem
323 1085 565 1153 ‘plenum
621 1086 716 1137 sit'
785 1086 1075 1154 significat,
1140 1089 1201 1137 ut
1252 1084 1524 1137 Ennius:
1589 1083 1778 1136 Stant

88 1159 350 1226 puluere
390 1159 616 1227 campi,
658 1162 710 1211 et
748 1158 1104 1228 Uergilius:
1167 1159 1299 1210 Iam
1338 1159 1601 1227 puluere
1642 1176 1777 1211 cae-

86 1233 214 1284 lum
254 1236 425 1284 stare
465 1233 690 1285 uident
729 1236 782 1285 et
819 1234 877 1285 in
916 1232 1206 1285 Bucolicis:
1270 1232 1459 1285 Stant
1506 1235 1566 1284 et
1611 1232 1778 1284 iuni-

87 1307 224 1374 peri
278 1309 339 1357 et
392 1308 730 1358 castaneae
783 1307 1088 1359 hirsutae.
1217 1307 1253 1357 4
1306 1306 1576 1358 flumina
1631 1324 1776 1357 con·
1801 1325 1843 1358 15

90 1380 389 1432 stiterint
428 1383 628 1432 acuto.
705 1383 885 1432 utrum
925 1381 992 1432 ad
1033 1399 1250 1432 sensum
1289 1380 1505 1449 frigoris
1543 1380 1778 1447 pertinet

89 1453 231 1522 quod
278 1453 426 1504 uelut
470 1457 700 1522 pungat,
748 1472 817 1505 an
865 1454 1007 1522 quod
1047 1456 1354 1506 concretum
1392 1454 1540 1504 uelut
1577 1454 1777 1505 uitrum

88 1529 304 1580 acutum
346 1526 451 1578 sit‘?
567 1527 599 1579 5
641 1545 828 1596 super
866 1527 1022 1580 foco.
1095 1531 1281 1595 ‘super
1319 1527 1523 1579 focum’
1567 1527 1778 1578 uidetur

88 1601 263 1653 dicere
300 1600 561 1668 debuisse,
602 1602 694 1653 sed
733 1601 982 1670 frequens
1023 1604 1104 1653 est
1142 1602 1199 1653 in
1230 1601 1331 1653 1136
1363 1601 1538 1670 figura
1568 1600 1776 1652 Hora-

87 1675 238 1739 tius,
292 1677 352 1726 ut
390 1673 762 1728 Destrictus
815 1676 986 1727 ensis
1044 1676 1143 1727 cui
1191 1693 1377 1743 super
1424 1675 1603 1743 inpia
1641 1693 1843 1727 cer-20

87 1749 225 1801 uice
263 1748 515 1817 pendet.
617 1750 649 1801 6
692 1752 879 1818 atque
919 1750 1266 1818 benignius
1308 1748 1601 1816 deprome
1642 1767 1776 1818 qua.

89 1821 140 1875 S.
179 1822 237 1875 T.
275 1841 344 1874 m.
385 1822 431 1874 d.
495 1823 696 1875 diotam
737 1824 1052 1891 amphoram
1092 1823 1234 1890 dicit,
1281 1823 1421 1891 quod
1462 1841 1624 1875 ansae
1664 1823 1776 1875 eius

88 1896 237 1948 uelut
284 1914 438 1948 aures
488 1897 618 1965 sint3
668 1915 795 1966 ergo
845 1896 1049 1950 Graeca
1096 1897 1453 1966 appellatione
1500 1896 1602 1949 hoc
1651 1897 1775 1949 dici-

86 1972 190 2022 tur.
331 1971 399 2022 14
439 1989 617 2039 quem
655 1971 788 2023 fors
830 1971 876 2023 d.
917 1990 958 2023 6.
999 1971 1046 2024 d.
1084 1972 1119 2022 l.
1158 1990 1201 2023 a.
1266 1970 1394 2023 ordo
1436 1973 1538 2022 est:
1596 1988 1776 2039 quem-

90 2062 314 2113 cumque
347 2044 550 2096 dierum
581 2045 693 2097 fors
734 2045 884 2096 dabit
921 2046 1067 2096 lucro
1110 2045 1330 2112 adpone.
1392 2062 1487 2111 per
1528 2062 1661 2112 quae
1701 2044 1774 2095 di-
1800 2063 1842 2096 25

90 2118 184 2185 cit,
238 2135 669 2186 unumquemque
718 2119 858 2170 diem
905 2118 1046 2170 uitae
1092 2120 1312 2169 nostrae
1365 2136 1464 2169 nos
1520 2118 1583 2169 de
1628 2118 1775 2170 lucro

92 2193 402 2258 computare
443 2190 631 2244 debere
680 2210 762 2258 eo,
812 2191 953 2259 quod
991 2210 1135 2244 mors
1177 2191 1393 2244 cottidie
1432 2191 1606 2260 possit
1645 2192 1776 2243 acci-

91 2264 226 2316 dere.
353 2263 420 2316 15
466 2283 580 2318 1166
629 2266 835 2318 (1111613
884 2284 1128 2318 amores
1170 2283 1394 2334 sperne
1433 2283 1607 2334 puer7
1654 2284 1774 2334 pro:

211 2431 264 2469 12
297 2426 414 2468 Ann.
447 2425 503 2469 fr.
539 2431 622 2470 127
747 2432 800 2470 13
835 2426 948 2470 Aen.
985 2431 1053 2481 12,
1087 2430 1172 2469 407
1299 2431 1352 2469 14
1385 2426 1494 2477 Buc.
1530 2431 1568 2481 7,
1603 2430 1656 2469 53

92 2489 148 2528 20
181 2484 252 2528 od.
287 2489 328 2539 3,
364 2490 402 2540 1,
438 2490 491 2529 17

212 2638 234 2675 i
268 2646 446 2676 marine
478 2632 564 2676 &id
594 2633 820 2677 thethidis
854 2633 1181 2677 ΕΥΝΛΗΜΨΙΕ
1215 2633 1277 2675 Μ
1410 2638 1435 2675 3
1468 2632 1598 2676 licias
1631 2646 1774 2688 prori-

88 2691 222 2748 p&r&
253 2693 464 2736 catesuas
498 2692 561 2735 M
665 2697 687 2735 7
723 2692 861 2735 Thali
893 2705 1050 2735 arcum
1081 2694 1206 2745 (ante
1237 2705 1266 2735 a
1295 2695 1409 2746 ras.)
1442 2692 1504 2733 M
1614 2697 1638 2734 9
1671 2705 1774 2748 per-

89 2752 295 2794 mittitur
327 2786 336 2795 .
378 2750 635 2794 notandum
668 2751 740 2804 M,
773 2765 879 2794 cum
909 2751 1088 2795 lusibus
1121 2756 1161 2794 et
1190 2750 1426 2807 permittit
1458 2751 1554 2794 clm.
1587 2754 1678 2794 375

93 2816 144 2853 11
180 2810 262 2853 st&
292 2810 345 2852 in
374 2822 464 2853 ras.
501 2810 564 2852 M
667 2815 722 2853 14
751 2810 884 2854 uides
919 2810 981 2852 M
1082 2824 1302 2866 iunuperi
1333 2809 1395 2852 M
1500 2813 1553 2852 15
1586 2809 1774 2853 flumine

90 2868 414 2912 constit&Rint
446 2869 509 2911 M
598 2874 650 2912 17
685 2870 951 2913 concretum
982 2882 1085 2912 nos:
1116 2869 1276 2912 fr8mm
1310 2869 1372 2911 M
1468 2873 1521 2910 21
1557 2868 1775 2924 deprome

90 2941 172 2971 om.
209 2928 271 2970 M
388 2941 516 2983 qua.:
549 2942 638 2982 que
672 2929 734 2970 M
851 2933 905 2972 22
940 2928 1167 2971 amforam
1201 2928 1264 2970 M
1381 2931 1437 2970 25
1469 2927 1586 2969 lucri
1620 2928 1682 2969 M

90 3000 174 3043 per
205 3000 325 3042 quae
359 2986 541 3044 Pauly:
573 3000 656 3042 per
688 3000 828 3042 quam
862 2988 924 3031 M
1043 2993 1097 3031 28
1131 2987 1280 3030 dulcis
1315 3000 1355 3031 a.
1390 3001 1422 3029 3.
1457 3001 1500 3041 p.
1538 2987 1600 3028 M
