1939 3197
722 89 841 133 ODE
873 89 906 143 Ι,
940 94 1012 133 28.
1651 89 1721 142 33

33 229 279 280 constare
330 225 568 276 credunt.
682 225 714 276 3
762 222 1043 276 Matinus
1095 241 1249 276 mons
1302 225 1414 276 siue
1466 243 1720 293 promun-

33 301 233 352 turium
288 301 369 351 est
421 298 680 366 Apuliae,
734 297 883 349 iuxta
939 315 1097 366 quem
1150 296 1423 365 Archytas
1479 299 1719 366 sepultus

37 377 132 426 est.
259 373 295 424 4
349 389 462 423 nec
517 372 852 439 quicquam
906 371 1032 422 tibi
1085 371 1370 439 prodest:
1433 371 1569 422 nihil
1621 372 1721 424 tibi

34 446 239 515 profuit
277 445 533 497 aduersus
573 445 936 497 conditionem
977 445 1338 512 mortalitatis,
1378 445 1520 513 quod
1559 446 1720 498 ratio-

33 537 157 572 nem
196 537 374 571 rerum
412 522 637 570 naturae
677 521 731 570 et
769 518 949 586 ipsum
987 519 1194 570 caelum
1233 519 1306 570 sis
1338 522 1719 586 perscrutatus.
1746 534 1765 565 5

148 595 177 644 7
213 592 451 645 occidit
491 595 551 644 et
582 591 842 660 Pelopis
876 592 1149 661 genitor.
1212 591 1472 644 Tantalus
1507 593 1721 645 scilicet.

34 667 166 718 haee
205 670 385 718 autem
424 666 490 717 ad
532 666 783 718 solatium
822 666 1009 718 mortis
1049 665 1314 717 dicuntur.
1431 667 1462 718 8
1497 665 1722 719 Titho-

33 758 280 808 nusque
320 743 602 792 remotus
642 740 706 791 in
748 757 934 791 auras
973 739 1028 790 id
1068 741 1172 791 est:
1212 739 1370 790 terris
1403 739 1630 791 excessit
1661 758 1722 792 ac

35 831 131 882 per
180 814 283 866 hoe
329 816 571 866 mortuus
612 816 708 865 est.
822 813 855 864 9
909 816 969 865 et
1017 812 1208 866 Iouis,
1285 812 1465 865 Minos
1506 811 1722 866 Creten-

34 887 172 940 sium
225 905 318 939 rex
371 887 715 955 praedicabat
770 904 825 938 se
880 905 1000 939 cum
1053 886 1183 939 Ioue
1239 887 1490 955 conloqui
1544 890 1597 939 et
1659 906 1723 940 ex
1748 907 1789 939 10

33 961 258 1014 consilio
299 961 412 1013 eius
453 963 647 1013 cuncta
679 978 853 1031 agere.
967 961 1000 1012 9
1040 961 1409 1028 habentque
1450 960 1723 1013 Tartara

32 1033 452 1087 Panthoiden.
515 1053 659 1087 nunc
683 1034 1050 1104 Pythagoram
1084 1034 1368 1104 significat,
1409 1035 1534 1103 quia
1572 1054 1722 1104 prae-

33 1108 234 1160 dicauit
266 1126 320 1160 se
354 1108 421 1160 ad
455 1108 673 1161 Troiam
703 1108 1060 1177 Euphorbum
1092 1108 1328 1160 Panthoi
1358 1109 1526 1160 filium
1556 1109 1723 1162 fuisse

32 1182 478 1251 interfectumque
520 1201 550 1234 a
590 1182 836 1235 Menelao
884 1183 1080 1235 iterum
1130 1182 1386 1234 reuixisse
1427 1186 1480 1234 et
1518 1183 1724 1235 factum

31 1254 398 1325 Pythagoram
429 1256 484 1308 id
516 1257 837 1325 comperisse
871 1257 1056 1325 agnito
1090 1256 1260 1325 clipeo
1295 1273 1453 1325 quem
1475 1255 1723 1325 Euphor·
1748 1276 1789 1307 15

30 1329 132 1381 bus
171 1329 448 1381 habuerat.
566 1330 633 1381 12
672 1329 838 1381 nihil
877 1330 1050 1381 ultra
1086 1347 1322 1382 neruos
1355 1348 1400 1381 a.
1433 1347 1473 1383 e.
1506 1348 1574 1381 m.
1608 1347 1650 1382 e.
1676 1349 1722 1382 a.

33 1403 170 1454 nihil
207 1406 420 1471 praeter
459 1421 652 1471 corpus
691 1403 853 1455 morti
885 1403 1034 1454 dans,
1146 1404 1214 1454 14
1253 1403 1462 1455 iudice
1496 1406 1556 1455 te
1595 1422 1722 1456 non

32 1476 333 1528 sordidus
381 1478 605 1528 auctor
644 1495 696 1528 n.
734 1496 784 1529 u.
864 1476 1180 1528 adfirmante
1219 1479 1273 1528 te
1313 1477 1372 1529 de
1410 1475 1723 1547 Pythagora

31 1568 145 1603 non
184 1568 306 1602 eum
344 1550 629 1602 mentitum
670 1550 733 1602 de
772 1553 968 1602 natura
1007 1568 1185 1602 rerum
1225 1550 1374 1602 cuius
1416 1553 1604 1603 auctor
1636 1569 1720 1603 ex-

28 1623 156 1675 titit.
275 1624 340 1675 19
381 1624 627 1676 nullum
668 1641 858 1676 saeua
890 1642 932 1676 c.
963 1623 1020 1675 P.
1051 1624 1088 1675 f.
1158 1624 1366 1675 nullum
1397 1623 1722 1694 Proserpina
1746 1645 1791 1677 20

29 1697 185 1750 timet
224 1715 285 1749 ac
326 1715 424 1766 per
462 1697 563 1750 hoc
604 1698 875 1750 neminem
916 1701 1198 1765 exceptum
1229 1697 1408 1749 habet.
1523 1699 1591 1750 21
1625 1698 1722 1750 Me

32 1789 280 1840 quoque
344 1771 583 1824 deuexi.
676 1771 936 1824 deuexum
992 1770 1246 1824 Orionem
1306 1771 1383 1823 ita
1445 1771 1600 1841 dixit,
1662 1776 1722 1824 ut

30 1843 387 1914 Uergilius:
451 1843 749 1898 Conuexa
803 1846 991 1914 polus
1043 1846 1185 1898 dum
1237 1844 1449 1897 sidera
1497 1850 1722 1914 pascet

30 1918 85 1970 id
140 1922 244 1971 est:
306 1919 365 1970 in
419 1919 619 1971 deuexo
676 1920 822 1972 caelo
876 1921 1066 1987 posita.
1197 1919 1264 1971 21
1322 1937 1414 1971 me
1470 1938 1590 1987 quo
1603 1938 1720 1989 que

33 1992 259 2045 deuexi
297 2011 337 2044 r.
378 2010 419 2045 c.
496 1995 685 2046 notum
726 1997 808 2045 est
848 1997 971 2066 ortu
1010 1997 1064 2045 et
1103 2010 1294 2045 occasu
1336 1991 1549 2044 Orionis
1588 1996 1720 2044 tem-
1745 2013 1787 2045 25

30 2068 267 2133 pestates
299 2067 571 2118 concitari.
638 2065 847 2118 Notum
880 2067 1129 2119 comitem
1155 2065 1369 2118 Orionis
1404 2066 1545 2134 dicit,
1578 2067 1720 2135 quod

33 2156 155 2191 cum
195 2138 394 2191 Orione
436 2144 584 2192 ortus
626 2140 708 2192 sit.
831 2140 902 2192 23
952 2142 1014 2191 at
1060 2142 1127 2191 tu
1174 2142 1371 2191 nauta
1418 2157 1620 2210 uagae
1667 2159 1720 2192 n.

31 2231 81 2280 p.
121 2232 189 2264 m.
227 2213 278 2265 h.
357 2213 423 2264 ad
469 2216 872 2281 praetereuntes
918 2216 1114 2266 nautas
1166 2231 1467 2266 sermonem
1514 2213 1719 2282 Archy-

31 2289 145 2338 tam
196 2287 525 2339 conuertisse
575 2287 747 2356 fingit.
861 2287 932 2340 25
981 2288 1071 2339 sic
1119 2287 1557 2356 quodcumque
1607 2288 1717 2339 mi-

31 2360 294 2412 nabitur
332 2359 554 2413 Eurus,
624 2359 863 2414 Uenusia
896 2361 1107 2414 colonia
1138 2364 1220 2413 est
1250 2362 1393 2413 inter
1424 2360 1718 2414 Lucaniam
1742 2382 1787 2413 30

34 2436 90 2486 et
119 2433 372 2503 Apuliam
404 2435 580 2502 patria
620 2438 825 2503 poetae.
895 2435 1035 2487 unde
1076 2435 1238 2487 siluas
1271 2433 1577 2487 Uenusinas
1617 2454 1715 2504 pro

151 2583 206 2622 23
240 2581 351 2638 ᾼθῑι.
387 2586 427 2636 1,
460 2585 544 2625 608

152 2701 176 2739 2
210 2696 457 2752 archythas
491 2699 553 2741 M
702 2704 755 2743 13
788 2698 1031 2742 euforbum
1070 2699 1236 2754 panthi
1270 2699 1333 2741 M
1482 2702 1535 2741 15
1567 2697 1618 2740 id
1649 2700 1719 2742 est

35 2756 99 2798 M
185 2755 401 2800 euforbus
436 2757 499 2799 M
596 2763 648 2801 17
683 2758 796 2802 dans
827 2771 931 2802 ‘no-s:
964 2757 1065 2801 dari
1097 2758 1160 2800 M
1246 2756 1412 2800 indic&
1444 2770 1536 2799 non
1569 2757 1632 2799 M

36 2820 88 2858 18
120 2816 168 2858 te
200 2815 257 2858 de
288 2815 557 2871 Pythagora
585 2830 689 2861 nos:
719 2819 768 2860 te
799 2817 1047 2872 pythaiora
1079 2817 1142 2860 M
1318 2821 1374 2859 20
1415 2828 1591 2859 saeuar.
1626 2816 1716 2872 cpf.

34 2873 98 2916 M
228 2879 286 2917 24
316 2876 471 2930 poeita
504 2875 566 2918 M
693 2877 883 2920 alterwm
914 2876 1114 2920 scholion
1144 2890 1190 2919 u.
1222 2879 1282 2919 21
1315 2876 1368 2917 in
1402 2874 1464 2917 M
1491 2879 1596 2918 ante
1627 2875 1716 2918 sch.

30 2936 167 3034 3119
191 2934 489 3036 {qsitugnlffist
601 2939 656 2978 25
688 2951 747 2979 r.:
782 2950 816 2980 s.
853 2935 915 2978 M
1001 2936 1296 2990 tempestatis
1334 2933 1395 2975 M
1507 2939 1562 2977 27
1596 2947 1718 2990 uage

302 3007 340 3036 ει

121 3080 392 3114 Ponrmmron.
1338 3072 1362 3111 3
