1939 3197
148 118 215 170 72
756 117 877 162 omi
910 119 967 175 11,
1004 123 1057 162 18
1091 119 1138 162 et
1172 124 1241 163 19.

143 272 305 322 quam
355 253 494 307 filios
548 272 695 322 suos3
757 272 889 322 quos
951 253 1194 306 sordidos
1250 253 1474 306 dicendo
1530 256 1835 324 grauiorem

141 327 402 380 inuidiam
465 328 855 397 expellentibus
916 327 1060 380 facit.
1211 328 1281 380 29
1353 329 1534 380 nulla
1596 330 1836 382 certior

141 404 355 453 tamen
386 403 637 471 rapacis
673 401 818 454 Orci
849 401 986 453 fine
1021 402 1350 454 destinata
1391 403 1535 454 aula
1567 403 1835 456 diuitem

141 478 353 527 manet
392 493 576 528 erum.
653 475 855 528 habeas
895 475 1033 544 licet,
1072 476 1264 545 inquit,
1305 494 1335 528 o
1371 476 1535 545 diueS,
1576 477 1835 546 quidquid

95 563 116 596 5
141 551 316 618 putas,
356 550 488 601 scito
521 552 704 601 tamen
737 549 874 601 nihil
909 550 1188 620 proprium
1228 568 1289 601 ac
1327 552 1483 601 tuum
1520 551 1621 602 tibi
1659 551 1834 620 magis

143 641 257 675 esse
307 641 468 691 quam
514 627 765 691 mortem3
811 624 905 675 illa
953 625 1096 675 enim
1144 642 1279 692 quae
1319 623 1664 692 possidentur
1700 627 1834 677 tem—

139 697 349 765 poralia
387 700 535 766 sunt,
576 700 632 749 at
670 716 815 750 mors
854 700 1117 766 perpetua
1156 700 1250 749 est.
1378 698 1450 749 34
1488 715 1836 767 regumque

139 771 357 839 pueris
390 789 505 824 nec
539 772 804 824 satelles
839 771 997 824 Orci.
1059 772 1278 840 pueris
1311 790 1409 840 pro
1434 771 1560 824 filiis
1584 773 1835 841 positum.

139 863 360 914 regum
401 848 581 898 autem
621 846 902 916 significat,
943 864 1128 898 omnes
1169 849 1223 898 et
1262 845 1455 898 diuites
1488 849 1542 898 et
1572 864 1834 916 pauperes

73 934 116 965 10
139 919 259 987 pari
311 920 658 972 mortalitatis
714 920 1011 972 conditioni
1066 920 1333 972 subiectos
1389 938 1503 973 esse
1544 924 1598 972 et
1635 921 1834 973 idcirco

140 1011 252 1045 non
293 1010 623 1063 magnopere
664 994 993 1063 adpetendos
1035 1012 1149 1046 esse
1189 994 1425 1047 honores
1464 1012 1564 1046 nec
1604 994 1835 1047 diuitias,

274 1067 343 1120 38
385 1067 488 1120 hic
527 1069 743 1120 leuare
783 1068 1075 1120 functum
1114 1086 1462 1137 pauperem
1500 1068 1835 1121 laboribus

138 1143 410 1193 uocatus
468 1144 655 1210 atque
709 1143 748 1194 ᾗ
788 1185 798 1194 .
839 1185 849 1195 .
892 1142 1084 1194 audit.
1185 1142 1345 1210 belle,
1396 1142 1522 1211 quia
1560 1160 1704 1195 mors
1744 1160 1836 1194 ne-

139 1215 361 1266 cessitas
402 1218 504 1283 est3
542 1216 621 1268 ita
659 1218 842 1268 tamen
881 1219 1141 1285 perpetua
1179 1216 1389 1284 requies
1427 1217 1689 1269 laborum.

71 1346 113 1378 15
836 1332 954 1376 ODE
990 1337 1030 1388 2,
1066 1338 1135 1377 19.

286 1421 605 1475 Bacchum
644 1423 709 1474 in
757 1424 1023 1476 remotis
1066 1442 1106 1476 c.
1147 1441 1186 1476 r.
1278 1423 1381 1475 hac
1422 1423 1519 1476 ode
1559 1423 1763 1475 indicat
1803 1442 1836 1476 a

139 1513 194 1547 se
240 1496 419 1548 uisum
465 1495 718 1549 Liberum
765 1500 977 1565 patrem
1016 1498 1075 1549 in
1115 1498 1333 1549 secretis
1372 1497 1682 1550 nemoribus
1724 1507 1835 1550 car'-

137 1569 288 1621 mina
328 1569 608 1622 docentem
649 1573 703 1623 et
742 1572 894 1640 quasi
934 1572 1279 1639 perturbatus
1303 1572 1388 1623 his
1416 1589 1551 1640 quae
1593 1571 1837 1624 audierat

141 1644 426 1695 exclamat:
466 1644 587 1696 heu
625 1644 761 1696 heu.
870 1645 902 1696 3
945 1645 1154 1696 auris,
1182 1687 1192 1697 .
1219 1663 1302 1697 ac.
1343 1664 1382 1697 s.
1454 1646 1638 1697 acutas
1681 1643 1833 1713 Saty-

73 1745 117 1777 20
139 1736 324 1770 rorum
374 1736 529 1770 aures
586 1737 699 1770 non
758 1718 825 1770 ad
881 1719 1204 1771 audiendum
1258 1721 1473 1771 tantum
1526 1718 1836 1772 referendas

139 1791 273 1843 dixit
319 1792 413 1844 sed
453 1792 616 1843 etiam
656 1792 724 1844 ad
762 1793 992 1862 figuram
1034 1811 1231 1845 earum.
1307 1811 1436 1845 nam
1476 1793 1551 1845 sic
1589 1793 1836 1846 uidemus

139 1863 365 1933 Satyros
404 1866 537 1935 fingi
577 1866 828 1936 oblongis
869 1867 1086 1919 auribus
1121 1868 1411 1936 acutisque.
1512 1867 1545 1919 5
1585 1867 1836 1919 heuhoe

137 1940 384 1991 recenti
415 1958 589 1991 mens
622 1941 910 2008 trepidat
940 1945 1110 1994 metu
1142 1942 1465 2010 plenoque
1492 1944 1834 2008 ..pectore

136 2013 466 2065 turbidum
505 2015 789 2066 laetatur
827 2015 1047 2067 heuhe.
1127 2014 1292 2067 tmetu
1331 2014 1584 2083 trepidat'
1625 2016 1658 2079 Τ
1700 2033 1832 2067 sacr.

68 2114 112 2146 25
138 2087 368 2156 sagittae
408 2088 783 2156 perturbatum
825 2089 1119 2158 significat3
1161 2092 1214 2140 et
1252 2089 1389 2140 mira
1429 2088 1647 2158 energia
1685 2090 1835 2141 totus

136 2161 225 2212 hic
254 2162 404 2213 locus
446 2162 755 2230 explicatur.
865 2163 898 2214 6
938 2164 1258 2231 plenoque
1297 2162 1535 2215 Bacchi
1573 2164 1835 2230 pectore

136 2235 465 2287 turbidum
511 2237 545 2287 i.
591 2253 633 2287 e.
733 2236 909 2289 bonus
959 2255 1172 2304 sensus3
1220 2237 1337 2289 uiso
1390 2237 1535 2289 enim
1574 2236 1672 2288 deo
1715 2236 1834 2305 quis

134 2326 247 2359 non
285 2309 645 2376 perturbetur,
685 2310 811 2362 licet
852 2311 1124 2380 gaudeat?
1164 2314 1218 2363 et
1255 2311 1392 2362 bene
1431 2310 1721 2379 repetitum
1760 2328 1834 2362 eu

135 2381 277 2450 11611,
319 2383 474 2450 quasi
512 2382 862 2435 incitamento
902 2385 1098 2436 mentis
1130 2385 1196 2436 ad
1220 2384 1361 2436 hanc
1388 2384 1834 2436 exclamationem

67 2482 113 2514 30
136 2455 447 2524 instigante.
551 2457 579 2507 7
613 2474 802 2524 parce
835 2457 1026 2509 Liber
1057 2475 1246 2525 parce
1280 2458 1464 2526 graui
1496 2457 1834 2509 metuende

136 2529 382 2597 thyrso.
481 2529 618 2581 bene
664 2530 798 2583 haec
845 2530 1097 2583 dicuntur
1144 2532 1210 2583 ab
1259 2549 1344 2599 6ο,
1393 2531 1484 2599 qui
1522 2549 1618 2599 per
1657 2531 1833 2599 ipsam

135 2603 331 2656 mentis
370 2604 832 2672 perturbationem
870 2608 1026 2672 putet
1065 2605 1167 2657 sibi
1205 2605 1401 2657 infesto
1441 2605 1635 2672 thyrso
1676 2605 1834 2657 deum

134 2677 412 2729 inminere.
526 2678 558 2728 9
607 2677 703 2730 fas
749 2679 1114 2746 peruicacis
1155 2682 1253 2731 est
1291 2679 1447 2731 mihi
1487 2678 1833 2747 Thyiadas.

255 2798 282 2836 4
313 2793 460 2837 habes
493 2793 556 2836 M
689 2798 714 2837 5
747 2796 907 2850 putas:
941 2796 1077 2852 optas
1111 2810 1140 2850 ς
1277 2800 1302 2838 8
1336 2808 1410 2838 sec
1444 2795 1507 2838 M
1638 2799 1692 2837 10
1725 2807 1832 2838 con-

135 2851 311 2895 ditione
346 2853 410 2895 M
529 2857 583 2896 13
615 2853 739 2897 uelle
773 2854 836 2897 M
941 2859 995 2898 18
1029 2853 1258 2898 audierit?
1367 2859 1422 2897 21
1458 2867 1619 2898 earum
1652 2853 1833 2910 Pauly.-

135 2923 295 2953 eorum
330 2911 393 2953 M
521 2916 576 2954 22
609 2912 793 2957 heuhoe
825 2926 942 2957 rec.:
971 2913 1064 2957 heu
1095 2913 1279 2957 herentl
1312 2913 1376 2955 M
1492 2917 1550 2956 24
1580 2913 1710 2956 metu
1740 2913 1832 2955 tre-

134 2967 291 3024 pidat:
336 2971 508 3015 metuit
552 2971 750 3028 trepidit
790 2972 854 3014 M
1023 2972 1166 3016 sacris
1205 2971 1380 3015 Bacchi
1419 2985 1466 3015 se
1505 2970 1831 3028 perturbatum

134 3039 218 3071 nos
339 3033 396 3072 30
429 3043 572 3086 graue
607 3031 670 3073 M
788 3035 844 3074 33
879 3030 1139 3087 Thyiadas:
1172 3030 1359 3086 thyrsos
1393 3031 1457 3074 M

1905 2975 1939 3197 1
