1939 3197
745 55 996 100 EPODON
1031 62 1098 101 16.
1664 59 1766 111 169

83 192 204 244 finis
244 192 548 260 inponatur.
626 191 834 243 altera
883 194 1064 244 aetas
1106 209 1233 261 ergo
1275 193 1350 244 ait
1390 193 1616 245 alterum
1657 214 1767 247 sae-

85 266 275 318 culum.
353 265 486 317 suis
527 266 588 316 et
627 264 770 332 ipsa
809 265 1010 317 Roma
1049 266 1300 318 uiribus
1339 266 1485 318 ruit.
1546 267 1649 320 hoc
1674 272 1769 336 est,

84 340 225 408 quod
266 338 451 390 Titus
492 337 720 390 Liuius
769 339 845 390 ait
891 338 976 391 Ut
1022 338 1474 408 magnitudine
1514 340 1771 393 laboret

85 431 214 464 sua.
305 413 340 463 4
373 413 648 464 minacis
683 415 791 464 aut
821 412 1099 465 Etrusca
1131 413 1500 466 Porsennae
1533 433 1768 467 manus

84 486 360 539 Porsenna
409 504 501 537 rex
547 485 917 538 Etruscorum.
1039 487 1072 539 5
1113 488 1364 539 aemula
1401 507 1516 540 nec
1555 489 1767 541 uirtus
1794 504 1816 537 5

86 558 356 628 Capuae.
457 562 732 629 aemula,
778 561 973 629 inquit,
1023 561 1148 629 quia
1194 561 1477 630 imperium
1528 566 1770 631 ereptum

83 634 150 686 iri
180 633 438 687 Romanis
471 636 721 702 sperauit.
823 635 855 687 6
888 635 1205 703 nouisque
1238 636 1429 687 rebus
1470 637 1770 689 infidelis

83 707 417 760 Allobrox.
515 707 618 760 hoc
659 709 725 760 ad
764 711 976 776 tempus
1016 709 1148 760 illud
1188 709 1443 777 refertur,
1484 729 1587 779 quo
1630 710 1770 763 Cati-

84 781 225 833 linae
273 782 437 834 factio
503 782 804 834 coniurauit
867 784 920 833 et
970 800 1138 850 paene
1193 783 1362 852 legati
1415 783 1771 853 Allobrogum

83 855 188 907 illis
230 859 627 908 consenserunt.
753 857 780 907 7
823 873 940 907 nec
989 856 1124 908 fera
1172 858 1472 909 caerulea
1512 858 1769 911 domuit.
1795 873 1837 904 10

85 930 356 981 caeruleos
414 928 709 982 Germanos
772 930 839 981 ad
902 931 1135 982 colorem
1198 932 1473 983 oculorum
1534 933 1770 984 referens

85 1003 232 1055 dixit.
385 1003 416 1054 9
480 1003 677 1072 impia
738 1003 1079 1072 perdemus
1145 1004 1366 1057 deuoti
1423 1007 1763 1075 sanguinis

86 1079 277 1129 aetas,
387 1076 474 1129 hic
538 1078 769 1130 cluditur
830 1079 1090 1146 περίοδος
1149 1078 1272 1131 inde
1336 1083 1525 1147 coepta
1587 1099 1771 1149 quam

85 1168 285 1220 neque
340 1150 615 1203 finitimi
675 1153 1022 1204 ualuerunt
1082 1154 1346 1220 perdere
1408 1153 1617 1206 Marsi.
1718 1158 1772 1206 et

86 1225 305 1277 deuoti
368 1226 703 1295 sanguinis
758 1244 854 1294 pro
919 1225 1236 1278 ‘abominati
1298 1230 1458 1296 atque
1521 1227 1838 1280 execrati'15

90 1298 290 1351 dictum
345 1301 440 1350 est.
595 1300 663 1351 10
717 1300 1004 1368 ferisque
1066 1319 1287 1352 rursus
1352 1303 1773 1370 occupabitur

87 1373 301 1424 solum.
408 1373 724 1442 ingemescit
793 1377 906 1425 tam
968 1375 1236 1426 desertum
1297 1375 1538 1427 futurum
1601 1377 1773 1428 solum

86 1445 232 1498 urbis
271 1446 491 1514 Romae,
540 1466 701 1515 quam
739 1448 902 1499 fuerit
941 1451 1228 1516 antequam
1278 1449 1396 1518 ipsa
1435 1449 1609 1502 Roma
1648 1469 1772 1502 con-

87 1520 312 1572 deretur.
401 1521 465 1571 11
494 1521 805 1574 barbarus
837 1522 957 1573 heu
992 1523 1236 1574 cineres
1264 1523 1532 1575 insistet
1564 1525 1772 1576 uictor

87 1597 148 1645 et
201 1594 430 1646 urbem.
529 1613 642 1647 non
686 1596 828 1648 bella
874 1596 1104 1648 barbara
1151 1598 1516 1661 execrabatur,
1571 1598 1661 1650 sed
1702 1598 1770 1650 ci·
1795 1611 1838 1643 20

86 1668 229 1719 uilia.
292 1668 559 1736 quomodo
593 1687 719 1739 ergo
746 1669 910 1722 dicit?
950 1671 1007 1722 ni
1031 1671 1168 1723 forte
1210 1671 1285 1723 ait
1323 1672 1564 1724 futurum
1603 1675 1664 1724 ut
1694 1691 1774 1724 re-

87 1742 282 1810 liquias
330 1743 542 1795 attritas
597 1744 751 1796 bellis
806 1744 1052 1797 ciuilibus
1107 1745 1254 1797 urbis
1301 1745 1505 1798 Romae
1559 1746 1774 1798 barbari

86 1816 364 1868 inuadant.
467 1817 533 1868 13
575 1836 866 1887 quaeque
909 1822 1130 1870 carent
1167 1820 1383 1872 uentis
1426 1823 1487 1872 et
1526 1821 1773 1872 solibus

88 1908 230 1942 ossa
277 1889 545 1952 Quirini.
643 1892 747 1944 hoc
794 1893 868 1944 sic
916 1893 1131 1961 dicitur,
1179 1894 1332 1961 quasi
1378 1893 1638 1946 Romulus
1694 1913 1773 1946 se-

87 1964 269 2032 pultus
296 1965 379 2033 sit,
417 1983 531 2017 non
570 1966 636 2017 ad
677 1967 881 2018 caelum
919 1970 1106 2034 raptus
1147 1970 1241 2018 aut
1273 1967 1584 2035 discerptus.
1645 1986 1773 2020 nam
1798 1980 1841 2012 25

88 2036 296 2089 Uarro
352 2041 477 2106 post
529 2043 704 2091 rostra
758 2040 922 2092 fuisse
975 2042 1242 2108 sepultum
1287 2041 1578 2093 Romulum
1632 2042 1773 2094 dicit.

243 2111 310 2163 15
371 2112 538 2164 forte
609 2113 757 2182 quid
827 2115 1124 2182 expediat
1186 2115 1604 2167 communiter
1666 2119 1775 2167 aut

90 2185 316 2238 melior
370 2205 516 2254 pars
563 2187 747 2239 malis
797 2206 1010 2239 carere
1060 2189 1371 2256 quaeritis
1425 2189 1774 2241 laboribus,

91 2259 645 2329 subdistinguendum.
766 2261 867 2314 hoc
941 2262 1082 2313 enim
1150 2263 1541 2333 interrogatiua
1602 2264 1776 2333 figura

209 2396 234 2434 3
268 2392 320 2434 In
352 2391 641 2448 praefatione

213 2501 235 2539 1
270 2510 379 2553 ergo
413 2497 480 2540 ait
510 2509 616 2539 nos:
646 2509 755 2552 ergo
795 2497 844 2540 1d
879 2497 952 2550 M,
982 2497 1032 2540 1d
1064 2499 1135 2541 est
1167 2513 1195 2553 ς
1331 2503 1356 2541 2
1389 2498 1528 2541 libius
1561 2498 1624 2541 M
1746 2502 1774 2540 4

91 2556 192 2597 aut:
227 2555 286 2598 ab
317 2555 366 2598 M
488 2560 512 2598 6
545 2556 710 2611 ereptu
740 2569 806 2600 irc
840 2556 920 2610 M,
950 2556 1057 2610 fort.
1096 2562 1210 2601 recte
1246 2558 1526 2613 scripserunt
1562 2557 1775 2612 ereptum

90 2613 157 2656 ire
191 2614 247 2667 cf.
279 2614 421 2669 Neue,
454 2615 772 2658 Formenlehre
803 2615 845 2659 cl.
881 2616 959 2660 lat.
992 2615 1193 2671 Sprache
1224 2617 1306 2669 II,
1330 2631 1382 2672 p.
1415 2621 1510 2661 289
1603 2620 1627 2658 9
1662 2615 1774 2659 allo-

90 2672 292 2729 brugum
326 2709 335 2718 .
370 2708 378 2717 .
413 2674 705 2717 consenserat
737 2674 811 2727 M,
855 2677 1181 2719 consenserant
1213 2691 1241 2730 ς
1401 2680 1455 2719 10
1486 2688 1543 2717 ne
1573 2674 1673 2717 fera
1703 2687 1774 2718 ce-

90 2731 220 2775 rulus
258 2732 307 2775 la
338 2731 519 2775 domu1t
551 2733 614 2774 M
748 2738 801 2776 16
833 2734 966 2776 schol.
999 2748 1042 2777 u.
1076 2739 1135 2778 10
1160 2738 1267 2789 post
1297 2735 1429 2777 schol.
1463 2747 1508 2776 u.
1540 2737 1600 2777 17
1632 2737 1694 2776 est
1723 2733 1777 2776 in

94 2791 157 2833 M
277 2796 332 2835 20
364 2791 566 2835 barbara
595 2804 699 2834 nos:
730 2791 815 2835 bar
848 2793 921 2845 M,
953 2793 1197 2837 barbarica
1230 2809 1259 2848 ς
1381 2797 1437 2835 24
1470 2807 1509 2836 Sl
1541 2792 1604 2834 M
1719 2795 1776 2835 25

84 2853 276 2905 propter
307 2851 505 2905 ineptias
536 2851 759 2894 editorum
791 2852 1048 2895 adscribam
1084 2866 1255 2896 necesse
1294 2856 1356 2894 est
1394 2852 1538 2894 locum
1568 2851 1704 2894 Maii
1733 2856 1776 2906 1,

92 2912 167 2961 16,
199 2912 249 2951 4:
282 2909 424 2953 fuisse
457 2909 591 2953 credo
622 2911 722 2952 tum
757 2924 940 2965 quoque
972 2911 1156 2967 aliquos
1197 2911 1278 2966 qui
1315 2911 1588 2966 discemotum
1617 2923 1777 2967 regem

86 2969 282 3022 ‘patrum
312 2968 528 3012 manibus
558 2967 694 3012 taciti
726 2971 986 3026 arguerent.
1111 2975 1165 3013 29
1198 2970 1286 3013 hoc
1317 2983 1421 3013 nos:
1451 2970 1537 3014 hec
1571 2970 1634 3012 M
