1939 3197
739 89 860 134 ODE
892 91 969 147 111,
1003 95 1044 135 3.
1674 96 1740 148 81

54 227 159 280 hoc
199 230 300 280 est:
339 226 606 294 pascendo
657 227 1107 296 supergrediatur.
1262 229 1330 280 41
1383 232 1443 281 et
1491 233 1741 285 catulos

54 300 229 353 ferae
270 302 479 353 celent
516 300 777 352 inultae.
854 301 1022 368 perite
1064 301 1324 370 ostendit,
1365 322 1525 371 quam
1567 304 1740 357 deser-

53 380 165 427 tam
205 392 319 426 esse
358 374 490 425 uelit
527 373 757 426 Troiam.
871 374 943 425 45
982 375 1304 427 horrenda
1342 377 1472 428 late
1511 396 1742 431 nomen

53 450 118 500 in
154 449 430 500 ultimas.
529 465 642 499 non
688 450 1004 515 perpetuum
1060 449 1337 517 epitheton
1396 450 1741 504 ‘horrendam

51 521 300 574 Romam'
357 522 505 589 dicit,
561 520 652 573 sed
707 522 951 573 barbaris
1006 521 1344 575 horrendam.
1495 526 1567 577 46
1621 542 1784 594 qua5

51 596 293 648 medius
332 597 543 664 liquor
592 596 875 647 secernit
913 595 1215 665 Europen
1264 598 1337 649 ab
1376 597 1552 651 Afro.
1639 598 1739 652 Ga-

52 668 295 721 ditanum
335 688 481 721 mare
522 678 563 721 ez}
599 670 798 721 fretum
840 670 1130 738 significat3
1172 671 1296 723 inde
1331 672 1474 723 enim
1508 673 1740 726 discerni

50 743 316 811 incipiunt
339 743 559 811 Europa
599 746 652 794 et
682 742 870 810 Libya.
970 744 1041 795 48
1083 762 1202 812 qua
1241 745 1523 797 tumidus
1563 747 1740 817 rigat

51 835 201 868 arua
239 816 442 869 Nilus.
504 835 616 869 non
656 835 866 885 semper
904 817 1156 885 tumidus⁷
1198 819 1291 870 sed
1330 821 1460 871 tunc
1500 821 1738 873 tumidus

51 908 171 942 cum
210 891 366 960 rigat.
465 891 535 942 49
578 910 797 942 aurum
836 891 1229 959 inrepertum
1274 895 1336 944 et
1377 893 1466 945 sic
1506 894 1734 947 melius
1763 912 1804 943 10

50 964 241 1016 situm
290 983 424 1017 cum
469 967 637 1016 terra
685 965 852 1016 celat
901 983 1205 1033 spernere
1244 966 1501 1019 fortior.
1600 967 1737 1021 bene

50 1056 237 1090 aurum
276 1039 459 1091 utilius
500 1038 575 1090 ait
604 1057 719 1091 esse
752 1039 1065 1107 priusquam
1092 1039 1155 1091 de
1182 1041 1415 1092 metallis
1442 1040 1738 1111 effodiatur,

50 1112 304 1180 quoniam
336 1113 590 1165 effossum
621 1131 810 1165 causas
850 1116 1090 1184 praestat
1129 1114 1387 1166 auaritiae
1428 1133 1489 1167 ac
1530 1116 1737 1168 sceleri-

47 1185 170 1253 bus3
218 1187 476 1255 populum
525 1190 705 1238 autem
750 1186 1057 1239 Romanum
1105 1188 1182 1238 ait
1233 1189 1734 1242 constantissimum

49 1271 237 1311 aurum
285 1263 647 1328 contemnere,
694 1264 748 1312 et
794 1262 985 1313 merito
1035 1262 1290 1329 quoniam
1342 1262 1483 1330 apud
1524 1266 1731 1317 ueteres
1758 1280 1800 1312 15

46 1337 334 1402 paupertas
375 1335 547 1404 magis
587 1335 645 1385 in
683 1335 889 1387 honore
930 1337 1045 1386 erat
1085 1353 1247 1403 quam
1287 1336 1519 1388 diuitiae.
1662 1337 1733 1390 52

47 1425 227 1459 omne
269 1426 514 1460 sacrum
553 1409 846 1475 rapiente
888 1408 1125 1460 dextra.
1199 1427 1312 1461 non
1346 1409 1735 1463 ‘Romanorum

46 1480 266 1549 dextra’,
307 1482 398 1533 sed
438 1500 616 1533 eorum
658 1482 749 1550 qui
774 1485 978 1551 cogunt
1002 1501 1191 1534 aurum
1215 1483 1273 1534 in
1297 1502 1427 1535 usus
1452 1483 1734 1538 humanos,

45 1555 373 1607 extrinsecus
421 1558 601 1607 autem
646 1556 735 1607 hic
785 1556 1094 1623 accipienda
1141 1575 1247 1609 uox
1296 1561 1378 1609 est
1418 1556 1635 1627 ‘etiam'7
1673 1562 1734 1611 ut

45 1628 136 1680 sit:
178 1629 339 1680 etiam
381 1648 590 1681 sacrum
628 1631 870 1698 rapiente
912 1630 1110 1681 dextra.
1236 1630 1309 1682 54
1364 1632 1572 1683 uisere
1629 1649 1732 1701 ge·
1756 1650 1800 1681 20

44 1702 246 1754 stiens
287 1721 408 1771 qua
444 1706 627 1772 parte
663 1703 1144 1756 debacchentur
1176 1705 1376 1774 ignes.
1441 1707 1732 1758 australem

42 1776 312 1828 cardinem
339 1777 621 1846 significat,
646 1778 737 1846 qui
761 1781 844 1829 est
873 1778 1316 1831 torrentissimus
1396 1780 1463 1831 61
1501 1780 1730 1833 Troiae

41 1868 385 1903 renascens
419 1852 573 1903 alite
605 1852 862 1921 lugubri
897 1852 1164 1904 fortuna
1194 1853 1373 1905 tristi
1407 1853 1584 1905 clade
1608 1854 1729 1906 ite-

39 1924 304 1976 rabitur.
368 1925 497 1978 ordo
539 1929 593 1977 et
632 1944 844 1978 sensus:
883 1926 1105 1978 fortuna
1128 1926 1319 1978 Troiae
1353 1927 1478 1979 alite
1513 1928 1729 1996 lugubri

40 1997 94 2049 id
141 2001 224 2050 est
269 2000 411 2051 malo
460 2000 697 2068 auspicio
744 2017 1033 2052 renascens
1080 2000 1273 2051 iterato
1315 2001 1518 2052 excidio
1561 2001 1727 2052 cadet.
1752 2018 1797 2050 25

39 2070 127 2123 hic
178 2074 358 2123 autem
410 2091 597 2124 sensus
647 2073 771 2124 inde
823 2076 1113 2141 conceptus
1164 2076 1267 2141 est⁷
1315 2074 1458 2141 quod
1505 2073 1727 2127 Flauius

40 2144 278 2197 Fimbria
334 2146 545 2214 legatus
602 2144 818 2198 Cinnae·
868 2145 1027 2197 Ilium
1089 2147 1425 2215 temporibus
1490 2146 1727 2215 Syllanis

41 2219 379 2288 oppugnauit
447 2238 508 2271 ac
579 2220 762 2288 diruit,
832 2237 988 2288 quem
1057 2239 1182 2272 mox
1243 2220 1433 2273 seditio
1466 2221 1727 2274 „militum

41 2293 248 2345 occidit.
400 2294 468 2345 69
515 2312 642 2346 non
680 2293 798 2347 hoc
837 2295 1094 2348 iocosae
1136 2295 1483 2347 conueniet
1521 2296 1726 2363 lyrae:

40 2385 157 2435 quo
213 2366 391 2419 Musa
447 2367 672 2419 tendis.
771 2387 916 2420 nunc
968 2368 1053 2420 his
1108 2369 1287 2421 uerbis
1340 2372 1502 2437 poeta
1549 2370 1616 2421 ad
1669 2389 1723 2422 se
1748 2389 1791 2421 30

39 2459 329 2493 conuersus
356 2442 431 2493 ait
454 2460 565 2494 non
605 2460 659 2494 se
691 2445 835 2494 recte
873 2443 1066 2510 facere⁷
1107 2443 1249 2511 quod
1273 2443 1446 2511 lyrico
1474 2444 1724 2513 carmine7

39 2514 123 2565 cui
153 2515 334 2567 iocosa
359 2516 700 2585 conueniant,
733 2517 1002 2568 seueriora
1023 2517 1292 2585 loquatur.
1395 2518 1464 2569 70
1504 2517 1722 2569 desine

37 2588 340 2655 peruicax
378 2589 620 2642 referre
674 2608 998 2643 sermones
1046 2592 1317 2643 deorum.
1416 2591 1722 2660 peruicax

158 2769 179 2807 1
214 2764 397 2808 catillos
428 2764 547 2823 ferre
582 2767 645 2809 M
776 2771 804 2809 4
834 2768 1061 2823 perpetuo
1095 2766 1303 2823 epitheto
1337 2781 1366 2820 ς
1504 2769 1527 2807 7
1562 2766 1609 2808 et
1641 2765 1720 2808 ad-

37 2824 157 2867 didi:
189 2836 270 2866 om.
308 2824 381 2877 M,
410 2838 537 2867 mare
570 2838 651 2869 om.
686 2841 714 2880 ς
852 2830 903 2868 13
938 2839 1100 2869 causas
1132 2838 1239 2870 nos:
1271 2826 1431 2868 causat
1464 2824 1527 2867 M
1663 2829 1716 2867 21

33 2882 371 2926 tabacchentur
405 2884 467 2926 M
577 2888 630 2927 25
664 2886 868 2941 ausp1t1o
903 2885 966 2927 M
1080 2898 1324 2928 renascens
1359 2883 1517 2939 Pauly
1546 2882 1717 2927 iterato

35 2941 269 2986 Hauthal:
299 2944 559 2986 renascenti
589 2944 760 2988 iterata
794 2944 857 2987 M
997 2949 1051 2987 27
1084 2943 1257 2987 fmbria
1289 2943 1353 2986 M
1495 2947 1549 2985 31
1583 2942 1716 2985 linco

35 3002 393 3124 Ἣῗζῖζέ
711 3031 789 3132 ιη
825 3046 838 3125 ι
869 3039 933 3121 42
953 3034 1106 3124 210
1335 3081 1359 3119 6
