1939 3197
132 101 203 153 92
760 99 880 144 ODE
912 100 991 156 111,
1027 105 1051 144 7
1086 102 1133 145 et
1165 106 1204 146 8.

130 239 370 290 nestram
422 237 717 306 despiceret
771 238 930 304 atque
977 236 1054 288 ita
1095 235 1344 305 cupidam
1384 236 1602 290 uidendi
1643 238 1726 291 sui
1766 257 1827 292 ac

132 311 418 364 sollicitam
459 329 513 364 se
556 311 719 362 daret.

851 440 1047 494 ODE3,
1080 446 1137 485 8.-

278 531 533 584 Martiis
582 533 834 601 caeleps
883 532 1032 600 quid
1072 549 1256 602 agam
1302 532 1628 586 Kalendis.
1693 534 1827 587 haec

87 619 108 652 5
132 600 249 678 ᾠδὴ
293 606 360 658 ad
399 605 769 659 Maecenatem
811 607 1010 674 scripta
1050 610 1145 674 est,
1187 625 1291 674 qua
1329 609 1561 659 testatur
1600 626 1654 660 se
1688 608 1829 660 diem

128 680 330 732 festum
375 679 695 733 Martiarum
734 679 1102 733 Kalendarum
1142 698 1349 750 gerere,
1389 682 1531 749 quod
1570 681 1672 735 hac
1711 683 1828 735 luce

129 754 423 806 maximum
477 741 775 824 periculum
831 755 1078 824 effugerit
1133 755 1323 807 arbore
1373 755 1608 808 infracta
1657 775 1829 825 paene

130 828 308 881 elisus,
385 827 661 882 Kalendae
704 832 883 881 autem
907 828 1134 881 Martiae
1167 829 1431 898 hodieque
1456 833 1829 883 matronarum

131 901 242 955 dies
298 902 468 955 festus
521 907 617 956 est.
696 904 772 955 ait
823 921 951 973 ergo
1003 922 1116 956 non
1164 903 1355 956 debere
1402 904 1586 956 mirari
1623 903 1828 957 Maece-

66 990 107 1022 10
131 979 335 1046 natem,
391 978 533 1046 quod
590 978 731 1030 diem
784 977 1153 1030 Kalendarum
1209 977 1529 1030 Martiarum
1583 979 1830 1048 celebret,

131 1052 376 1119 quamuis
432 1054 738 1105 matronam
794 1052 848 1104 id
905 1055 986 1104 est
1039 1070 1261 1104 uxorem
1316 1070 1428 1105 non
1482 1053 1694 1105 habeat.

130 1124 164 1177 5
237 1124 421 1178 docte
479 1126 793 1179 sermonis
848 1127 1186 1194 utriusque
1241 1126 1520 1196 linguae.
1604 1127 1709 1179 hoc
1760 1126 1828 1178 ad

128 1197 497 1251 Maecenatem
546 1200 954 1253 adnectendum.
1040 1218 1168 1251 nam
1217 1201 1291 1252 sic
1340 1201 1699 1253 ordinandum
1746 1204 1828 1253 est

130 1270 433 1325 ‘Maecenas
489 1274 644 1326 docte
697 1274 958 1326 sermonis
1011 1274 1291 1342 utriusque
1341 1274 1594 1344 linguae',
1648 1278 1701 1326 et
1747 1275 1826 1326 in-

61 1360 101 1394 15
124 1347 490 1417 tellegendum
536 1348 720 1417 utique
762 1347 998 1401 Graecae
1040 1351 1093 1399 et
1132 1347 1374 1400 Latinae.
1508 1349 1576 1401 10
1631 1349 1828 1401 corti-

127 1438 256 1472 cem
304 1422 690 1474 adstrictum
738 1423 879 1491 pice
921 1422 1278 1474 dimouebit
1317 1423 1660 1491 amphorae
1700 1423 1736 1475 f.
1776 1423 1826 1476 b.

125 1494 159 1546 i.
200 1513 241 1546 c.
282 1495 341 1548 Τ.
421 1496 550 1548 dicit
598 1515 652 1548 se
700 1497 803 1549 hoc
849 1496 1219 1549 Kalendarum
1268 1496 1351 1549 die
1401 1497 1716 1565 amphoram
1757 1498 1824 1549 ad

127 1569 446 1621 sacrificium
509 1573 563 1622 et
624 1571 935 1623 conuiuium
997 1573 1332 1639 aperturum,
1404 1589 1565 1639 quam
1627 1572 1824 1624 cortice

124 1643 303 1710 picato
345 1644 617 1712 operuerit
657 1648 710 1696 et
748 1645 806 1696 in
844 1644 1075 1697 fumario
1115 1645 1357 1713 posuerit
1389 1644 1547 1697 Tullo
1590 1646 1825 1698 consule.

61 1731 103 1762 20
129 1718 432 1770 corticem
495 1719 878 1771 adstrictum
938 1719 1077 1787 pice
1134 1719 1487 1772 dimouebit
1542 1720 1742 1788 amph.
1783 1737 1822 1772 s,

128 1791 342 1844 uidetur
396 1794 430 1858 †
471 1794 780 1845 corticem
833 1811 931 1861 pro
1005 1792 1231 1845 ‘cortici'
1287 1793 1341 1844 id
1393 1795 1474 1845 est
1526 1793 1824 1846 ablatiuum

128 1882 310 1918 casum
349 1885 447 1934 pro
489 1867 670 1920 datiuo
712 1868 981 1936 posuisse,
1035 1870 1097 1919 ut
1137 1868 1207 1920 sit
1247 1885 1458 1919 sensus:
1514 1868 1700 1920 cortici
1739 1868 1821 1920 fu-

125 1957 272 1991 mum
329 1940 622 1993 dimouebit
675 1942 791 2010 pice
844 1941 1173 1993 adstrictum.
1267 1944 1319 1993 et
1373 1941 1583 1993 fumum
1636 1942 1822 2010 utique

124 2031 223 2081 pro
278 2013 468 2066 fauilla
521 2014 658 2067 fumi
713 2016 868 2085 dixit,
931 2033 1066 2084 quae
1123 2015 1293 2067 sidere
1350 2016 1487 2068 solet
1542 2034 1700 2084 super
1755 2015 1822 2067 ad

57 2100 99 2133 25
125 2089 583 2156 cooperimentum
639 2090 945 2158 amphorae.
1087 2090 1152 2141 13
1217 2089 1486 2157 cyathos
1552 2092 1820 2142 centum.

125 2179 312 2214 sensus
355 2166 458 2215 est:
499 2164 626 2215 licet
667 2165 883 2216 centum
924 2164 1150 2232 cyathos
1191 2164 1361 2232 bibas,
1400 2164 1620 2216 innocui
1646 2167 1818 2216 erunt.

275 2236 342 2288 15
413 2239 636 2305 procul
686 2239 889 2291 omnis
938 2241 1074 2291 esto
1117 2239 1355 2290 clamor
1394 2241 1455 2290 et
1493 2238 1602 2290 ira.
1681 2240 1818 2291 esto

122 2326 219 2376 pro
270 2309 426 2362 ‘erit’.
519 2311 648 2363 dicit
700 2315 881 2364 autem
933 2312 1064 2365 adeo
1114 2312 1408 2364 innocuum
1456 2329 1570 2363 esse
1617 2313 1820 2380 uinum,

127 2383 269 2451 quod
310 2384 643 2437 exhibiturus
686 2387 777 2454 sit,
833 2389 894 2438 ut
932 2389 1183 2454 potantes
1223 2403 1322 2437 1166
1364 2388 1550 2437 oneret
1589 2403 1686 2437 1166
1726 2403 1821 2454 per

243 2505 265 2542 1
300 2500 528 2555 despiciat
561 2516 588 2556 ς
711 2507 735 2544 2
770 2516 817 2545 se
849 2514 954 2545 nos:
1009 2502 1082 2545 (116
1119 2502 1182 2544 M
1328 2501 1462 2545 daret
1495 2516 1543 2556 ςε
1601 2501 1711 2545 dare
1746 2502 1819 2558 M,

123 2557 328 2602 declaret
361 2574 388 2613 ς
479 2560 584 2613 fort.
618 2561 775 2604 scrib:
824 2560 956 2616 quasi
994 2560 1195 2616 Enipeus
1230 2595 1238 2604 .
1275 2597 1283 2605 .
1327 2560 1547 2605 adhibere
1593 2561 1742 2605 soleat
1773 2563 1820 2605 et

123 2616 232 2662 illa.
255 2653 262 2661 .
283 2618 520 2673 despicere
546 2620 717 2674 atque.
739 2656 746 2663 .
767 2633 814 2663 se
839 2619 963 2663 dare.
1067 2625 1094 2662 4
1119 2620 1310 2675 quidam
1336 2620 1399 2663 M
1495 2624 1519 2663 5
1553 2620 1725 2664 scribta
1758 2620 1822 2663 M

243 2683 297 2721 10
330 2677 510 2720 mirari:
550 2692 688 2721 irasci
722 2679 786 2721 M
868 2684 921 2723 16
955 2678 1160 2722 amforae
1192 2679 1241 2721 M
1320 2684 1373 2723 18
1398 2679 1671 2723 sacrifitium
1698 2679 1762 2722 M

125 2739 177 2779 19
210 2736 347 2780 tullio
382 2737 446 2779 M
556 2742 611 2780 20
646 2742 755 2792 post
786 2738 971 2782 consule
1003 2739 1175 2782 scholia
1204 2752 1248 2782 u.
1282 2742 1341 2782 13
1373 2742 1414 2782 et
1444 2742 1504 2783 15
1534 2742 1642 2782 swnt
1672 2739 1725 2781 in
1757 2738 1820 2781 M

243 2800 299 2839 20
331 2795 439 2839 amf
563 2801 617 2839 21
652 2796 913 2840 ablatiuum
948 2797 1020 2852 M,
1053 2797 1372 2841 accusatiuum
1405 2812 1432 2852 ς
1522 2798 1575 2840 in
1608 2797 1814 2854 Porphy-

123 2853 269 2897 oiom's
299 2855 466 2898 scholio
498 2856 784 2899 scribendum
814 2856 1020 2900 uidetur:
1054 2856 1224 2900 cortice
1255 2870 1340 2912 pro
1376 2855 1536 2899 cortici
1658 2861 1712 2899 23
1747 2856 1814 2899 d1-

122 2914 273 2955 mouit
306 2913 369 2956 M
486 2919 542 2957 24
573 2913 690 2957 fumi
724 2929 772 2969 ςε
804 2914 984 2958 fumum
1019 2915 1095 2971 M,
1129 2929 1212 2959 om.
1246 2917 1340 2960 cod.
1372 2915 1514 2959 Rern.
1630 2919 1685 2958 25
1719 2928 1816 2958 am-

123 2969 220 3029 1016
256 2972 318 3072 3AE
443 2977 498 3016 27
533 2975 651 3017 esto:
687 2988 710 3017 6
743 2974 806 3016 M
938 2978 992 3017 29
1026 2987 1110 3018 nec
1152 2976 1313 3018 oneret
1344 2987 1428 3019 nec
1452 2974 1585 3018 Aer..
1616 2987 1702 3024 nec
1733 2986 1813 3017 no-

123 3042 224 3073 cere
288 3031 320 3072 1
