1939 3197
612 55 731 99 ODE
763 55 842 111 ΠΙ,
874 60 930 99 29
963 55 1012 99 et
1043 60 1114 100 30.
1607 53 1711 105 119

19 214 130 248 non
167 196 349 263 potest
387 190 726 245 commodum
772 190 939 259 uitae,
995 189 1138 259 quod
1182 190 1291 242 iam
1337 190 1574 258 percepi,
1629 190 1709 242 in-

19 269 270 339 fringere.
371 266 442 318 50
465 264 681 317 ludum
719 264 1111 317 insolentem
1150 263 1369 316 ludere
1393 265 1711 332 pertinax.

20 343 291 396 ueteribus
346 339 609 392 usitatum
663 338 980 390 elocutionis
1036 355 1206 408 genus
1257 337 1470 390 ‘ludum
1509 338 1708 390 ludere’

19 417 157 469 sicut
197 415 394 466 ‘uitam
432 413 641 465 uiuere'
693 414 746 463 et
788 412 1133 464 seruitutem
1173 411 1398 464 seruire'
1448 415 1501 464 et
1539 412 1710 463 multa

17 489 278 542 similiter.
452 487 520 539 51
592 488 990 538 transmutat
1060 487 1347 538 incertos
1417 486 1759 539 honoi·eS.5

18 566 200 616 utrum
237 560 648 615 transmutando
689 560 921 613 incertos
976 560 1127 628 facit,
1190 579 1281 629 an
1345 560 1469 628 quia
1523 561 1713 613 incerti

19 639 169 705 sunt,
232 637 351 689 ideo
397 637 760 687 transmutare
812 652 902 687 eos
942 634 1162 702 potest?
1314 633 1385 686 54
1445 635 1713 704 resigno

21 729 181 780 quae
222 710 409 762 dedit.
486 709 747 777 resigno
802 707 856 759 id
896 710 998 760 est:
1054 707 1233 760 reddo.
1311 711 1371 759 et
1409 727 1545 760 mea
1583 709 1714 761 uir-

18 787 158 837 tute
212 803 305 836 me
359 783 645 835 inuoluo.
723 782 940 849 diserte,
995 782 1050 833 id
1090 784 1186 848 est,
1225 799 1346 834 mea
1385 783 1586 834 uirtute
1626 801 1712 834 me

19 858 202 911 munio
242 857 380 909 nihil
419 856 486 908 ab
526 857 622 908 illa
658 856 855 907 timens
905 857 998 907 aut
1039 856 1347 907 desiderans
1358 897 1370 922 ,
1426 859 1712 909 contentus
1739 881 1781 912 10

18 933 136 986 sola
173 932 443 1000 probitate
484 933 537 982 et
574 930 720 983 bona
761 930 1104 982 conscientia.
1242 929 1312 982 56
1370 930 1511 983 sine
1568 931 1714 983 dote

18 1007 75 1059 id
115 1011 214 1058 est:
257 1006 370 1057 sine
396 1005 606 1072 opibus.
722 1003 789 1056 57
831 1022 958 1055 non
991 1006 1091 1055 est
1129 1022 1334 1055 meum
1375 1004 1428 1056 si
1466 1005 1718 1074 mugiat

22 1080 270 1133 Africis
324 1080 529 1131 malus
584 1077 914 1146 procellis.
991 1096 1089 1130 nec
1128 1078 1273 1130 uitae
1312 1096 1410 1131 nec
1450 1080 1717 1147 propositi

22 1155 128 1206 mei
168 1156 272 1222 est,
310 1153 508 1222 inquit,
540 1153 714 1204 timere
752 1151 998 1220 aduersa,
1039 1153 1163 1242 quia
1200 1170 1299 1204 nec
1338 1153 1589 1221 periculis
1630 1171 1717 1205 me

22 1230 279 1298 quaestus
329 1245 491 1279 causa
545 1225 822 1279 committo
872 1244 971 1278 nec
1018 1227 1174 1294 plura
1214 1245 1375 1294 quam
1413 1226 1587 1280 habeo
1629 1227 1715 1280 de·
1741 1251 1784 1283 15
1848 1239 1851 1243 '

21 1303 215 1354 sidero.
329 1301 399 1353 60
453 1317 529 1352 ne
586 1298 856 1368 Cypriae
896 1299 1261 1369 Tyriaeque
1316 1318 1557 1353 merces
1611 1301 1716 1354 ad-

23 1377 178 1428 dant
218 1393 412 1427 auaro
454 1373 724 1426 diuitias
765 1373 950 1425 mari:
993 1374 1147 1442 quasi
1185 1374 1294 1425 iam
1333 1393 1481 1426 mare
1518 1375 1720 1428 habeat

24 1450 242 1502 diuitias
283 1448 557 1501 obruendo
597 1465 762 1499 naues
803 1466 922 1499 cum
962 1448 1121 1499 rebus
1161 1448 1583 1515 pretiosissimis,

22 1525 96 1577 62
150 1527 302 1575 tunc
356 1540 448 1573 me
499 1521 766 1574 biremis
814 1521 1145 1589 praesidio
1188 1522 1464 1590 scaphae
1504 1525 1717 1575 tutum

23 1616 134 1666 per
181 1596 434 1666 Aegeos
482 1595 796 1647 tumultus
846 1613 998 1646 aura
1058 1595 1229 1648 feret
1291 1597 1718 1667 geminusque
1743 1622 1787 1653 20

25 1671 267 1724 Pollux.
341 1673 493 1738 tunc,
533 1688 654 1721 cum
692 1668 922 1720 maxime
964 1669 1136 1721 saeuit
1173 1673 1491 1740 tempestaS‚
1529 1672 1721 1741 inquit,

23 1763 126 1815 ego
180 1747 329 1797 tutus
382 1744 581 1813 nauigo
644 1742 911 1811 praesidio
968 1743 1212 1812 scaphae.
1292 1744 1384 1796 sed
1437 1764 1533 1814 per
1586 1746 1720 1799 haec

27 1819 344 1903 allegoricos
416 1818 686 1888 significat
755 1835 810 1869 se
873 1819 1052 1869 tutum
1115 1836 1462 1888 securumque
1524 1820 1721 1888 uiuere,

25 1894 152 1962 quia
190 1911 302 1945 non
341 1894 564 1961 quaerat
610 1891 849 1958 diuitiaS,
902 1909 1033 1959 quas
1086 1910 1199 1944 non
1239 1892 1516 1945 desideret
1647 1895 1720 1947 64

27 1967 444 2036 geminusque
495 1965 750 2017 Pollux.
821 1965 945 2033 quia
995 1965 1188 2016 horum
1246 1966 1420 2018 sidera
1483 1985 1604 2019 cum
1661 1986 1716 2020 se
1742 1991 1786 2024 25

26 2041 320 2094 ostendunt
358 2039 727 2092 laborantibus
767 2039 945 2090 nautis
986 2039 1248 2105 praebent
1288 2058 1437 2107 spem
1478 2041 1682 2094 salutis.

742 2153 861 2198 ODE
895 2159 935 2209 3,
970 2158 1040 2198 30.

178 2246 379 2316 Exegi
428 2246 904 2299 monumentum
956 2262 1099 2296 aere
1146 2247 1513 2314 perennius.
1589 2248 1722 2301 haec

27 2317 164 2393 ᾠδὴ,
205 2339 311 2390 qua
348 2320 538 2372 tertius
579 2319 715 2371 liber
755 2321 1172 2386 consummatur,
1211 2320 1269 2371 in
1292 2321 1461 2389 ipsius
1488 2323 1722 2375 auctoris

28 2396 215 2448 laudes
257 2395 456 2462 scripta
503 2397 597 2446 est.
749 2393 783 2444 2
845 2393 1175 2462 regalique
1217 2435 1227 2445 .
1269 2436 1278 2445 .
1317 2397 1720 2463 pyramidum
1746 2414 1792 2446 30

31 2469 242 2521 altius.
356 2467 666 2537 Pyramides
728 2484 916 2536 regum
979 2466 1369 2536 Aegyptiorum
1441 2471 1724 2538 sepulchra

32 2545 162 2595 sunt
215 2542 346 2594 adeo
401 2542 612 2611 ingenti
665 2542 805 2593 mole
862 2559 1111 2592 saxorum
1166 2542 1220 2592 in
1277 2543 1466 2596 mediis
1505 2544 1723 2596 harenis

157 2694 178 2731 1
211 2689 343 2744 potes
386 2686 446 2729 M
568 2686 756 2743 percepi
786 2699 891 2729 snos:
937 2688 1147 2742 percepit
1180 2687 1242 2729 M
1361 2693 1385 2731 7
1424 2690 1581 2744 potest
1619 2703 1724 2733 nos.-

31 2748 161 2804 put&
195 2747 257 2789 M
377 2751 431 2789 14
477 2745 641 2790 timere
671 2760 726 2789 eoe
758 2746 867 2790 Aer.
901 2746 1111 2788 additum
1250 2752 1302 2790 16
1346 2761 1431 2790 nec
1466 2781 1474 2790 .
1511 2783 1519 2791 .
1553 2763 1724 2804 synae-

33 2821 126 2863 que
161 2807 218 2850 M
298 2810 351 2849 18
384 2805 743 2860 pra&1os1ss1m1s
776 2805 839 2847 M
922 2809 974 2847 19
1011 2804 1163 2848 soafae
1199 2806 1261 2848 M
1334 2811 1389 2849 20
1406 2807 1631 2851 tumultos
1666 2809 1730 2851 M

155 2870 210 2908 22
244 2864 397 2908 scafae
432 2864 493 2906 M
610 2869 665 2908 28
696 2864 785 2907 hac
820 2864 881 2906 M
999 2868 1053 2907 29
1088 2866 1451 2908 comsummatur
1481 2870 1521 2909 et
1553 2867 1727 2911 scribta

38 2925 102 2968 M
218 2929 274 2968 30
306 2925 386 2967 hoc
416 2924 548 2966 schol.
566 2928 673 2978 post
695 2923 932 2978 insequens
958 2923 1115 2977 posuit
1148 2923 1209 2964 M
1327 2929 1380 2966 31
1415 2927 1730 2981 aegiptmrum

33 2988 79 3027 et
110 2985 299 3040 aegipto
335 2983 396 3026 M
