1939 3197
169 80 276 131 212
710 80 912 125 SERMO
945 81 978 136 1,
1013 86 1052 136 4,
1087 85 1305 125 91—120.

169 216 339 286 nigris
379 216 433 267 id
474 219 554 268 est
577 215 830 284 malignis
854 216 1083 268 infestus
1109 234 1178 268 es.
1272 216 1339 267 91
1371 217 1492 285 [ego
1520 216 1613 268 siri
1636 219 1857 284 propter

169 290 325 342 leuia.
418 289 753 358 quorundam
799 289 933 341 uitia
979 289 1165 355 rideo]
1268 307 1383 359 ego
1433 290 1484 341 si
1529 290 1646 341 risi
1693 289 1860 358 quod

170 365 426 432 ineptus
489 363 796 431 pastillos
858 363 1144 415 Rufillus
1208 365 1360 416 olet:
1424 381 1523 433 ego
1588 364 1632 416 si
1688 363 1855 429 [risis]

170 441 389 506 propter
428 437 570 488 leuia
609 437 946 505 quorundam
984 437 1118 489 uitia
1156 437 1318 505 ride0,
1357 437 1553 490 liuidus
1585 438 1686 490 tibi
1718 456 1857 490 mor-

128 512 379 579 5daxque
412 511 612 563 uideor.
705 511 775 563 93
816 511 1056 563 mentio
1099 512 1150 563 si
1192 529 1349 579 quae
1391 511 1461 563 de
1496 510 1859 580 Capitolini

173 585 368 637 furtis
408 585 649 636 iniecta
687 584 912 636 Petilli
952 588 1005 637 et
1035 585 1254 654 reliqua.
1310 589 1379 652 tu,
1418 585 1609 654 inquit,
1649 585 1694 638 si
1717 585 1858 638 forte

173 659 373 710 mentio
415 658 478 710 de
505 656 796 727 Capitolini
835 659 1146 711 criminibus
1185 659 1330 711 facta
1353 658 1528 724 fuerit,
1568 659 1862 711 secundum

175 732 616 785 consuetudinem
655 733 1010 801 malignitatis
1049 736 1175 785 tuae
1214 733 1290 785 ita
1330 751 1451 785 eum
1496 733 1763 802 defendeS,
1801 737 1862 785 ut

176 807 320 858 dicas
369 825 399 858 a
450 824 615 875 puero
663 807 765 858 tibi
812 807 1043 859 amicum
1088 807 1256 859 fuisse
1302 811 1499 876 tuaque
1541 825 1701 860 causa
1741 825 1862 859 eum

110 893 151 923 10
176 881 346 932 multa
390 880 580 932 fecisse
628 884 680 932 et
728 881 958 950 gaudere
1006 884 1081 949 te,
1132 882 1274 949 quod
1313 882 1596 934 incolumis
1636 882 1693 932 in
1731 881 1863 933 urbe

175 955 348 1022 uiuat3
403 954 586 1005 mirari
631 957 836 1023 tamen,
891 973 995 1023 quo
1044 955 1203 1007 modo
1250 955 1505 1007 iudicium
1552 956 1685 1007 illud
1736 955 1863 1007 effu-

178 1028 330 1097 gerit.
413 1028 500 1079 hic
553 1045 680 1097 ergo
722 1031 804 1080 est
842 1029 980 1081 liuor
1020 1047 1080 1081 ac
1119 1030 1370 1081 uoluntas
1410 1033 1680 1081 uenenata
1719 1029 1864 1081 dam-

177 1119 307 1153 nare
349 1102 617 1153 sententia
643 1121 753 1170 sua,
793 1120 952 1170 quem
976 1103 1176 1154 iudices
1203 1103 1566 1155 absoluerunt.
1620 1102 1863 1154 Petillius

180 1178 360 1227 autem
385 1173 721 1244 Capitolinus
761 1194 882 1227 cum
907 1174 1140 1245 Capitoli
1181 1195 1364 1229 curam
1396 1180 1595 1246 ageret,
1635 1194 1865 1230 coronae

113 1260 154 1292 15
181 1249 464 1317 subreptae
521 1250 584 1301 de
634 1247 902 1317 Capitolio
959 1269 1174 1303 causam
1223 1250 1356 1303 dixit
1403 1251 1786 1319 absolutusque
1835 1269 1867 1302 a

180 1321 406 1376 Caesare
455 1326 549 1374 est.
705 1324 810 1376 100
863 1324 965 1376 hic
1020 1325 1243 1394 nigrae
1300 1343 1486 1377 sucus
1541 1324 1866 1394 lolliginis

179 1397 335 1448 haec
383 1400 479 1448 est
525 1415 761 1466 aerugo
809 1416 993 1451 mera.
1071 1417 1134 1451 ex
1172 1399 1430 1468 lolliginis
1472 1416 1598 1451 suco
1638 1399 1865 1452 liuorem

180 1471 374 1522 mentis
428 1472 547 1522 uult
600 1472 864 1541 intellegi,
919 1490 982 1524 ex
1030 1473 1282 1543 aerugine
1329 1490 1611 1524 uenenum.
1696 1473 1866 1525 malos

186 1547 367 1596 autem
405 1545 650 1598 homines
691 1548 836 1597 atros
878 1564 938 1598 ac
977 1550 1270 1600 uenenatos
1311 1546 1483 1599 dicere
1524 1547 1772 1599 solemus,

114 1630 158 1661 20
187 1618 292 1670 105
330 1618 618 1670 insueuit
655 1622 841 1687 pater
880 1620 1161 1688 optimus
1194 1621 1312 1673 hoc
1344 1639 1434 1672 me
1467 1623 1535 1672 ut
1564 1621 1868 1690 fugerem.

181 1695 335 1761 pater
373 1710 538 1760 meuS,
575 1693 773 1761 inquit,
821 1711 939 1745 eam
977 1694 1110 1745 mihi
1150 1695 1485 1763 disciplinam
1525 1695 1671 1746 dedit
1709 1697 1869 1763 atque

181 1767 239 1817 in
292 1766 734 1818 consuetudinem
789 1785 907 1818 eam
960 1767 1191 1833 induxit,
1246 1772 1306 1819 ut
1350 1786 1523 1837 neque
1576 1769 1869 1838 cogitarem

185 1839 311 1907 quid
350 1840 584 1908 maligne
623 1858 796 1908 neque
836 1840 1079 1893 dicerem.
1157 1842 1346 1894 deinde
1387 1843 1523 1893 mira
1561 1843 1869 1894 urbanitate

187 1914 314 1964 dum
337 1914 589 1982 ostendit,
620 1932 725 1982 quo
751 1914 909 1967 modo
935 1918 1088 1983 pater
1120 1934 1247 1968 suus
1273 1934 1489 1969 monere
1516 1916 1704 1969 solitus
1730 1918 1872 1969 esset

125 2003 167 2035 25
191 1987 325 2038 uitia
354 1987 558 2056 fugere,
596 1989 794 2040 multos
817 1989 1091 2057 probrosis
1122 1990 1252 2041 iocis
1275 1989 1521 2059 percutit.
1616 1991 1718 2042 107
1744 2007 1874 2042 cum

181 2078 267 2113 me
304 2060 666 2114 hortaretur
698 2104 746 2114 ..
785 2064 937 2115 ordo:
978 2081 1099 2115 cum
1140 2081 1224 2115 me
1248 2064 1574 2132 hortaretur,
1612 2064 1692 2116 uti
1715 2081 1873 2132 parce

183 2134 569 2203 frugaliterque
593 2136 846 2188 uiuerem.
949 2137 1054 2189 115
1089 2137 1344 2206 sapiens
1383 2138 1597 2190 uitatu
1638 2138 1872 2207 quidue

184 2209 394 2275 petitu
435 2209 522 2260 sit
561 2210 787 2261 melius
827 2228 1051 2262 causas
1084 2211 1309 2263 reddet
1338 2212 1483 2263 tibi:
1517 2211 1872 2280 philosophus

186 2281 290 2333 tibi
326 2282 591 2334 rationem
628 2283 829 2352 reddet,
869 2302 1032 2352 quare
1069 2285 1195 2353 quid
1227 2286 1338 2353 peti
1371 2285 1562 2338 debeat
1585 2288 1677 2337 aut
1699 2285 1873 2336 uitari.

126 2376 168 2407 30
193 2354 325 2405 mihi
372 2356 501 2407 satis
551 2360 653 2425 est,
701 2357 746 2409 si
793 2357 1071 2425 opiniones
1112 2377 1143 2410 a
1180 2359 1471 2411 maioribus
1509 2358 1736 2410 traditas
1775 2358 1874 2409 tibi

191 2431 447 2480 monstro.
603 2431 707 2482 120
745 2431 928 2482 nabis
969 2431 1104 2483 sine
1145 2432 1383 2484 cortice
1424 2432 1478 2483 id
1517 2435 1621 2484 est:
1660 2432 1873 2484 natabis

192 2519 287 2569 per
325 2505 378 2552 te
420 2503 531 2553 sine
572 2503 914 2571 adminiculo,
954 2508 1007 2555 et
1045 2505 1146 2556 hoc
1187 2506 1501 2574 allegoricos
1542 2505 1748 2557 dicitur.

315 2697 336 2733 1
373 2705 442 2735 es:
477 2692 548 2735 est
581 2691 645 2734 M
798 2699 824 2736 2
856 2694 1057 2737 scholion
1087 2695 1304 2738 constitui
1461 2710 1541 2738 siri
1575 2730 1584 2738 .
1619 2728 1628 2738 .
1661 2695 1874 2750 pastillus

196 2749 394 2793 rufullus
428 2750 491 2793 M
606 2755 635 2792 4
665 2766 904 2807 murraxq3
940 2753 1003 2795 M
1131 2758 1156 2796 5
1189 2754 1435 2810 capitulini
1468 2754 1531 2797 M
1655 2759 1681 2796 6
1712 2755 1765 2797 tu
1796 2754 1876 2796 ad-

195 2808 318 2851 didi:
350 2808 386 2852 si
418 2808 574 2864 inquit
605 2825 634 2863 ς
755 2815 779 2853 7
821 2811 1087 2867 capitolinis
1121 2812 1184 2854 M
1303 2818 1355 2856 11
1388 2813 1608 2856 iuditium
1640 2811 1703 2854 M
1821 2817 1875 2854 12

194 2866 317 2909 libor
348 2867 411 2909 M
515 2873 568 2910 13
593 2870 703 2912 tua?
812 2874 867 2911 14
899 2870 1179 2925 capitulinus
1211 2875 1252 2914 et
1282 2871 1506 2927 capitulio
1538 2872 1585 2926 (u
1615 2871 1668 2913 in
1691 2884 1717 2913 o
1742 2871 1875 2926 corr.)

198 2924 261 2966 M
380 2930 433 2969 17
465 2926 662 2970 liborem
694 2927 758 2970 M
886 2933 940 2971 18
973 2942 1151 2986 erigine
1185 2929 1248 2972 M
1374 2934 1430 2974 20
1462 2930 1665 2973 obtimus
1699 2928 1762 2971 M

199 2987 255 3025 27
288 2997 496 3028 uiuerem
522 2985 586 3028 M
703 2986 815 3041 quid
846 2987 898 3029 tu
931 2987 1100 3042 quidue
1131 2988 1298 3044 p8ntus
1332 2989 1396 3031 M
1511 2992 1565 3031 31
1599 3001 1733 3031 nauis
1759 2987 1822 3030 M
