1939 3197
170 115 278 167 330
665 113 965 160 EPISTULA
996 116 1050 172 ΙΙ,
1085 120 1125 171 2,
1161 121 1350 160 21-39.

1885 0 1939 163 ’Ξ

1924 168 1939 201 2]

166 256 202 303 t.
243 254 303 304 ut
340 269 540 321 mango
572 251 842 303 uenalem.
995 251 1062 303 21
1112 251 1355 304 talibus
1400 252 1651 305 officiis
1699 271 1750 321 p.
1789 272 1857 306 m.

166 326 269 379 hoc
317 329 419 378 est:
469 325 536 377 ad
577 325 915 377 scribendum
956 325 1200 378 debilem.
1278 329 1331 378 et
1369 327 1502 379 bene
1543 345 1858 396 mancum,
1923 361 1928 371 ε

167 400 310 469 quod
348 401 540 451 uitium
590 418 779 451 manus
835 403 930 452 est.
1083 400 1153 452 23
1211 401 1360 469 quid
1413 404 1544 452 tum
1598 401 1857 469 profeci,

168 474 295 543 quid
358 474 582 542 profeci,
645 474 843 542 inquit,
899 474 1254 542 praedicendo
1309 475 1504 527 uitium
1557 475 1773 527 meum?
1826 495 1856 528 o

119 549 283 601 5iura
330 567 539 600 mecum
585 547 839 600 facientia
886 548 940 600 id
989 551 1091 600 est:
1138 567 1235 617 pro
1283 567 1382 601 me.
1468 552 1529 601 'et
1576 553 1657 601 est
1705 550 1859 618 quasi

166 623 499 675 exclamatio.
600 622 672 674 24
712 622 763 673 si
802 625 1015 675 tamen
1056 622 1439 691 adtemptas:
1483 624 1527 676 si
1567 623 1727 676 modo
1768 624 1856 676 ad-

164 697 269 749 huc
311 697 583 765 sollicitas,
622 700 683 747 ut
723 697 953 749 scribam
992 697 1106 750 tibi.
1246 698 1315 750 26
1365 697 1620 750 Luculli
1659 698 1858 750 miles,

163 771 322 823 huius
371 771 600 839 exempli
647 772 958 824 narratione
1005 773 1124 824 uult
1179 772 1459 825 ostendere
1514 772 1859 824 uehementer

166 846 413 913 stultum,
463 864 621 915 quem
667 864 752 898 res
803 865 914 898 non
961 846 1169 910 doceat,
1219 846 1346 915 quid
1395 846 1465 898 sit
1509 846 1655 899 utile.
1739 844 1858 899 Lu·
1919 913 1922 916 ἢ

96 935 141 966 10
166 920 320 972 culli
366 920 563 972 miles.
641 919 743 972 hoc
782 919 986 972 factum
1027 923 1108 972 est
1145 922 1202 972 in
1241 921 1406 989 bello,
1448 921 1589 989 quod
1626 921 1857 989 populus

165 994 441 1047 Romanus
491 994 621 1046 duce
660 993 719 1046 L.
759 993 982 1047 Lucullo
1033 1013 1153 1046 cum
1192 994 1505 1046 Mithridate
1554 1012 1678 1064 rege
1717 994 1857 1047 Pon-

164 1069 271 1120 tico
313 1069 493 1137 gessit.
565 1072 617 1120 et
657 1067 867 1120 Luculli
906 1069 1060 1121 miles
1086 1068 1406 1121 Ualerianus
1449 1072 1501 1120 et
1526 1067 1856 1122 Seruilianus

166 1143 440 1195 exercitus,
577 1143 645 1194 27
691 1142 764 1193 ad
805 1160 1031 1194 assem:
1074 1161 1241 1211 usque
1283 1143 1350 1194 ad
1390 1161 1579 1212 assem,
1619 1142 1723 1195 hoc
1763 1146 1857 1210 est,

163 1220 279 1269 tota
318 1217 530 1268 uiatica.
685 1218 754 1269 28
803 1216 1143 1269 uehemens
1195 1218 1399 1285 lupus.
1484 1217 1619 1269 bene
1662 1216 1857 1285 ‘lupus'

99 1305 140 1337 15
165 1291 316 1342 miles
357 1291 648 1359 RomanUS,
691 1292 816 1360 quia
854 1291 912 1343 in
950 1292 1123 1344 tutela
1160 1290 1350 1343 Martis
1392 1294 1472 1343 est
1502 1292 1675 1360 lupus.
1731 1290 1862 1343 sibi

165 1369 227 1417 et
287 1365 474 1418 hosti.
572 1366 697 1418 sibi
753 1366 877 1435 quia
931 1367 1110 1433 potuit
1164 1366 1407 1433 perdere,
1466 1366 1640 1418 hosti
1707 1365 1859 1434 quasi

164 1440 381 1508 raptori.
537 1441 607 1492 30
655 1440 1051 1508 praesidium
1099 1441 1315 1510 regale
1364 1441 1410 1492 d.
1460 1442 1530 1491 ut
1579 1459 1624 1491 a.
1703 1440 1857 1492 ordo:

163 1514 489 1582 praesidium
536 1515 716 1583 regale
765 1515 954 1567 deiecit
999 1515 1117 1567 loco
1169 1533 1373 1567 summe
1412 1514 1635 1566 munito.
1787 1514 1855 1566 31

166 1591 227 1639 et
266 1590 611 1640 multarum
651 1590 697 1641 d.
737 1608 778 1641 r.
854 1589 956 1641 hoc
991 1592 1096 1641 est:
1137 1589 1463 1657 praesidium
1490 1608 1521 1640 a
1544 1588 1857 1640 Mithridate

97 1678 141 1708 20
168 1680 327 1731 super
366 1663 688 1715 thensauros
731 1664 841 1715 eius
881 1663 1132 1731 positum.
1235 1664 1304 1715 32
1347 1663 1531 1716 donis
1573 1665 1858 1715 ornatur.

167 1755 197 1788 a
235 1736 457 1789 Lucullo
504 1737 843 1805 imperatore.
996 1738 1067 1789 34
1106 1738 1277 1790 forte
1328 1738 1440 1790 sub
1480 1738 1530 1789 h.
1570 1740 1607 1789 t.
1706 1754 1857 1805 prae-

164 1814 337 1863 torem
385 1811 668 1863 Lucullum
719 1811 1001 1880 significat.
1077 1813 1154 1863 ita
1201 1811 1343 1863 enim
1394 1812 1521 1863 olim
1562 1812 1720 1863 duces
1761 1811 1857 1862 im-

165 1888 544 1954 peratoresque
593 1885 721 1938 dicti
770 1888 845 1951 [et
891 1886 1194 1954 praefectus
1250 1886 1560 1953 praetorio].
1713 1885 1781 1936 37
1839 1885 1858 1935 i

164 1959 326 2012 bone
377 1978 496 2029 quo
544 1960 756 2012 uirtus
803 1964 926 2012 tua.
1012 1961 1177 2012 uerba
1216 1959 1424 2012 Luculli
1463 1959 1688 2011 militem
1734 1959 1856 2011 hor-

98 2048 141 2080 25
165 2034 349 2086 tantis.
502 2034 571 2086 39
612 2038 760 2103 post
806 2034 961 2086 haec
1009 2035 1120 2086 ille
1162 2038 1357 2086 catus.
1433 2037 1558 2102 post
1595 2033 1729 2085 haec
1767 2033 1857 2084 ille

167 2108 369 2176 doctUS,
408 2109 599 2178 inquit,
640 2110 883 2177 exemplo
924 2111 957 2174 †
996 2112 1057 2161 ut
1096 2109 1140 2161 si
1182 2109 1252 2161 sit
1277 2109 1471 2160 stultus
1499 2107 1679 2159 sibiet
1704 2107 1854 2158 dicit:

165 2183 267 2235 ibit
317 2201 400 2252 e0,
451 2202 555 2252 quo
607 2183 711 2253 uiS,
762 2184 853 2252 qui
901 2182 1172 2251 perdendo
1222 2201 1413 2235 zonam
1461 2181 1667 2250 didicit,
1715 2181 1857 2233 unde

167 2257 237 2308 sit
281 2257 502 2308 lucrum.
597 2275 690 2310 eo:
746 2258 886 2309 illuc.
980 2261 1185 2310 catus:
1243 2259 1491 2325 expertus
1548 2259 1602 2308 et
1655 2255 1857 2308 doctus,

165 2349 413 2383 zonam:
464 2334 707 2399 sumptus
749 2335 803 2383 et
841 2332 1122 2401 uiaticum,
1163 2331 1304 2400 quod
1342 2332 1399 2383 in
1438 2349 1573 2383 zona
1611 2330 1721 2382 fere
1760 2330 1855 2380 mi-

97 2419 141 2451 30
165 2404 286 2457 lites
326 2408 560 2473 portant.
613 2406 698 2458 his
740 2409 919 2458 autem
961 2407 1206 2458 omnibus
1230 2404 1489 2457 Horatius
1522 2405 1640 2455 uult
1679 2406 1855 2456 osten-

169 2479 314 2548 dere,
361 2480 535 2548 primo
577 2480 856 2547 dispendio
905 2480 984 2532 rei
1022 2480 1300 2532 familiaris
1343 2497 1396 2531 se
1438 2481 1695 2547 coactum,
1733 2481 1858 2546 post

287 2631 308 2668 1
343 2627 397 2668 ut
426 2639 530 2669 nos:
562 2639 618 2668 ue
654 2626 716 2668 M
858 2630 882 2668 5
915 2625 1137 2669 facientia
1171 2626 1234 2668 M
1372 2638 1476 2681 pro:
1510 2638 1594 2681 per
1626 2625 1688 2667 M
1830 2628 1854 2667 7

165 2683 314 2727 lucilli
346 2685 410 2727 M
544 2690 570 2728 8
603 2685 903 2728 uehementer
934 2698 1038 2729 snos:
1069 2685 1313 2728 uenientes
1347 2685 1410 2728 M
1557 2690 1582 2728 9
1614 2683 1764 2727 11101111
1798 2683 1861 2726 M

286 2749 340 2788 10
372 2743 422 2787 in
454 2743 578 2787 bello
613 2744 737 2799 quod
768 2757 876 2787 nos:
908 2745 1032 2788 bello
1063 2745 1219 2799 mqmt
1252 2743 1358 2800 (pin)
1394 2744 1457 2787 M
1591 2748 1642 2786 11
1676 2742 1857 2786 mlthri-

167 2802 306 2846 datae
342 2804 405 2846 M
531 2807 585 2846 15
618 2803 817 2846 tutelam
851 2804 914 2846 M
1040 2809 1093 2847 16
1127 2803 1216 2854 sibi
1247 2804 1354 2848 add.
1385 2816 1467 2847 snos
1499 2807 1540 2846 et
1573 2802 1717 2845 Mich.
1754 2801 1856 2844 Pet-

165 2863 345 2918 schenig]
379 2863 568 2906 Zeitsch.
602 2862 636 2915 f.
670 2867 823 2906 osterr.
852 2862 1015 2919 Gymn.
1047 2867 1174 2907 1868
1198 2877 1249 2918 p.
1276 2866 1367 2907 650
1476 2867 1529 2906 18
1555 2861 1698 2905 diecit
1722 2861 1786 2904 M

170 2925 222 2963 19
255 2922 548 2966 mithrithate
584 2921 647 2964 M
765 2927 818 2964 21
852 2921 1008 2965 11101110
1043 2922 1106 2964 M
1230 2923 1472 2981 pretorum
1505 2921 1568 2964 M
1700 2925 1754 2962 22
1787 2919 1856 2963 ita

166 2980 333 3023 addidi
498 2986 553 3024 23
585 2981 694 3024 haec
725 2981 872 3024 dalem}
1031 2985 1087 3024 24
1118 2981 1267 3025 11101111
1301 2981 1363 3023 M
1517 2985 1572 3024 28
1605 2979 1717 3023 illuc
1749 2991 1856 3023 nos:

165 3037 284 3082 illud
318 3039 380 3082 M
498 3045 552 3084 29
585 3054 634 3083 1n
666 3053 830 3083 zonam
864 3040 926 3082 M
