<?xml version="1.0" encoding="UTF-8"?>
<!DOCTYPE html PUBLIC "-//W3C//DTD XHTML 1.0 Transitional//EN"
    "http://www.w3.org/TR/xhtml1/DTD/xhtml1-transitional.dtd">
<html xmlns="http://www.w3.org/1999/xhtml" xml:lang="en" lang="en">
 <head>
  <title>
</title>
<meta http-equiv="Content-Type" content="text/html;charset=utf-8" />
  <meta name='ocr-system' content='tesseract 3.04.00' />
  <meta name='ocr-capabilities' content='ocr_page ocr_carea ocr_par ocr_line ocrx_word'/>
</head>
<body>
  <div class='ocr_page' id='page_1' title='image "./pomponiiporphyri00pomp_0286.png"; bbox 0 0 1939 3197; ppageno 0'>
   <div class='ocr_carea' id='block_1_1' title="bbox 156 115 1313 171">
    <p class='ocr_par' dir='ltr' id='par_1_1' title="bbox 156 115 1313 171">
     <span class='ocr_line' id='line_1_1' title="bbox 156 115 1313 171; baseline -0.017 1"><span class='ocrx_word' id='word_1_1' title='bbox 156 120 264 171; x_wconf 77' lang='lat'>272</span> <span class='ocrx_word' id='word_1_2' title='bbox 684 115 984 160; x_wconf 84' lang='lat' dir='ltr'><strong>EPISTULA</strong></span> <span class='ocrx_word' id='word_1_3' title='bbox 1015 116 1048 171; x_wconf 79' lang='lat' dir='ltr'>I,</span> <span class='ocrx_word' id='word_1_4' title='bbox 1083 120 1123 171; x_wconf 81' lang='lat'>3,</span> <span class='ocrx_word' id='word_1_5' title='bbox 1155 120 1313 167; x_wconf 71' lang='lat'><strong>3-3-2,</strong></span> 
     </span>
    </p>
   </div>
   <div class='ocr_carea' id='block_1_2' title="bbox 159 249 1939 320">
    <p class='ocr_par' dir='ltr' id='par_1_2' title="bbox 159 241 1939 320">
     <span class='ocr_line' id='line_1_2' title="bbox 159 249 1939 320; baseline -0.003 -11"><span class='ocrx_word' id='word_1_6' title='bbox 159 255 442 310; x_wconf 79' lang='lat' dir='ltr'>Germanis</span> <span class='ocrx_word' id='word_1_7' title='bbox 483 252 831 306; x_wconf 73' lang='lat' dir='ltr'>Germanicus</span> <span class='ocrx_word' id='word_1_8' title='bbox 873 251 1045 304; x_wconf 87' lang='lat' dir='ltr'>dictus</span> <span class='ocrx_word' id='word_1_9' title='bbox 1085 256 1180 304; x_wconf 90' lang='lat' dir='ltr'>est.</span> <span class='ocrx_word' id='word_1_10' title='bbox 1233 252 1347 320; x_wconf 89' lang='lat' dir='ltr'>ipse</span> <span class='ocrx_word' id='word_1_11' title='bbox 1381 251 1627 304; x_wconf 84' lang='lat' dir='ltr'>Tiberius</span> <span class='ocrx_word' id='word_1_12' title='bbox 1661 252 1848 305; x_wconf 85' lang='lat' dir='ltr'>doctus</span> <span class='ocrx_word' id='word_1_13' title='bbox 1928 249 1939 315; x_wconf 80' lang='lat'>³-.;</span> 
     </span>
    </p>
   </div>
   <div class='ocr_carea' id='block_1_3' title="bbox 160 326 1939 473">
    <p class='ocr_par' dir='ltr' id='par_1_3' title="bbox 160 326 1939 473">
     <span class='ocr_line' id='line_1_3' title="bbox 160 326 1937 395; baseline -0.003 -11"><span class='ocrx_word' id='word_1_14' title='bbox 160 335 214 384; x_wconf 91' lang='lat' dir='ltr'>et</span> <span class='ocrx_word' id='word_1_15' title='bbox 238 331 423 383; x_wconf 88' lang='lat' dir='ltr'>doctos</span> <span class='ocrx_word' id='word_1_16' title='bbox 450 328 670 381; x_wconf 76' lang='lat' dir='ltr'>comites</span> <span class='ocrx_word' id='word_1_17' title='bbox 702 326 907 378; x_wconf 88' lang='lat' dir='ltr'>habuit.</span> <span class='ocrx_word' id='word_1_18' title='bbox 1007 326 1039 378; x_wconf 84' lang='lat'><strong>3</strong></span> <span class='ocrx_word' id='word_1_19' title='bbox 1082 327 1362 395; x_wconf 77' lang='lat' dir='ltr'>conpede</span> <span class='ocrx_word' id='word_1_20' title='bbox 1401 326 1683 395; x_wconf 84' lang='lat' dir='ltr'>uinctus,</span> <span class='ocrx_word' id='word_1_21' title='bbox 1725 327 1850 395; x_wconf 85' lang='lat' dir='ltr'>quia</span> <span class='ocrx_word' id='word_1_22' title='bbox 1924 343 1937 378; x_wconf 67' lang='lat'>1</span> 
     </span>
     <span class='ocr_line' id='line_1_4' title="bbox 162 395 1939 473; baseline -0.003 -15"><span class='ocrx_word' id='word_1_23' title='bbox 162 404 506 473; x_wconf 73' lang='lat' dir='ltr'>congelascit.</span> <span class='ocrx_word' id='word_1_24' title='bbox 623 402 658 454; x_wconf 82' lang='lat'><strong>4</strong></span> <span class='ocrx_word' id='word_1_25' title='bbox 697 420 775 453; x_wconf 91' lang='lat' dir='ltr'>an</span> <span class='ocrx_word' id='word_1_26' title='bbox 814 400 982 452; x_wconf 84' lang='lat' dir='ltr'>freta</span> <span class='ocrx_word' id='word_1_27' title='bbox 1021 400 1270 452; x_wconf 86' lang='lat' dir='ltr'>uicinas</span> <span class='ocrx_word' id='word_1_28' title='bbox 1310 401 1481 453; x_wconf 89' lang='lat' dir='ltr'>inter</span> <span class='ocrx_word' id='word_1_29' title='bbox 1520 402 1850 453; x_wconf 88' lang='lat' dir='ltr'>currentia</span> <span class='ocrx_word' id='word_1_30' title='bbox 1927 395 1939 443; x_wconf 70' lang='grc' dir='ltr'>ἶ</span> 
     </span>
    </p>
   </div>
   <div class='ocr_carea' id='block_1_4' title="bbox 114 458 1938 618">
    <p class='ocr_par' dir='ltr' id='par_1_4' title="bbox 114 458 1938 618">
     <span class='ocr_line' id='line_1_5' title="bbox 158 458 1938 546; baseline -0.003 -14"><span class='ocrx_word' id='word_1_31' title='bbox 158 479 372 532; x_wconf 77' lang='lat' dir='ltr'>turris</span> <span class='ocrx_word' id='word_1_32' title='bbox 456 495 652 546; x_wconf 79' lang='lat' dir='ltr'>presse.</span> <span class='ocrx_word' id='word_1_33' title='bbox 729 478 763 541; x_wconf 81' lang='lat'><strong>†</strong></span> <span class='ocrx_word' id='word_1_34' title='bbox 810 475 952 527; x_wconf 88' lang='lat' dir='ltr'>inter</span> <span class='ocrx_word' id='word_1_35' title='bbox 1000 475 1279 527; x_wconf 87' lang='lat' dir='ltr'>currentia.</span> <span class='ocrx_word' id='word_1_36' title='bbox 1357 478 1530 527; x_wconf 89' lang='lat' dir='ltr'>turres</span> <span class='ocrx_word' id='word_1_37' title='bbox 1570 474 1748 527; x_wconf 88' lang='lat' dir='ltr'>Herus</span> <span class='ocrx_word' id='word_1_38' title='bbox 1798 478 1851 527; x_wconf 89' lang='lat' dir='ltr'>et</span> <span class='ocrx_word' id='word_1_39' title='bbox 1928 458 1938 471; x_wconf 10' lang='grc' dir='ltr'>χ’</span> 
     </span>
     <span class='ocr_line' id='line_1_6' title="bbox 114 548 1852 618; baseline -0.003 -12"><span class='ocrx_word' id='word_1_40' title='bbox 114 573 135 606; x_wconf 77' lang='lat'>5</span> <span class='ocrx_word' id='word_1_41' title='bbox 158 552 405 606; x_wconf 81' lang='lat' dir='ltr'>Leandri.</span> <span class='ocrx_word' id='word_1_42' title='bbox 480 552 621 603; x_wconf 87' lang='lat' dir='ltr'>inter</span> <span class='ocrx_word' id='word_1_43' title='bbox 661 549 854 603; x_wconf 79' lang='lat' dir='ltr'>Seston</span> <span class='ocrx_word' id='word_1_44' title='bbox 893 552 946 601; x_wconf 88' lang='lat' dir='ltr'>et</span> <span class='ocrx_word' id='word_1_45' title='bbox 970 548 1205 618; x_wconf 83' lang='lat' dir='ltr'>Abydon</span> <span class='ocrx_word' id='word_1_46' title='bbox 1243 550 1476 601; x_wconf 87' lang='lat' dir='ltr'>medium</span> <span class='ocrx_word' id='word_1_47' title='bbox 1516 552 1597 602; x_wconf 90' lang='lat' dir='ltr'>est</span> <span class='ocrx_word' id='word_1_48' title='bbox 1643 549 1852 601; x_wconf 88' lang='lat' dir='ltr'>Helles-</span> 
     </span>
    </p>
   </div>
   <div class='ocr_carea' id='block_1_5' title="bbox 160 623 1939 698">
    <p class='ocr_par' dir='ltr' id='par_1_5' title="bbox 160 623 1939 698">
     <span class='ocr_line' id='line_1_7' title="bbox 160 623 1939 698; baseline -0.003 -18"><span class='ocrx_word' id='word_1_49' title='bbox 160 628 316 698; x_wconf 89' lang='lat' dir='ltr'>ponti</span> <span class='ocrx_word' id='word_1_50' title='bbox 353 627 566 678; x_wconf 86' lang='lat' dir='ltr'>fretum.</span> <span class='ocrx_word' id='word_1_51' title='bbox 643 626 730 677; x_wconf 92' lang='grc'>1161</span> <span class='ocrx_word' id='word_1_52' title='bbox 769 625 1010 693; x_wconf 88' lang='lat' dir='ltr'>ipsarum</span> <span class='ocrx_word' id='word_1_53' title='bbox 1049 623 1263 676; x_wconf 87' lang='lat' dir='ltr'>urbium</span> <span class='ocrx_word' id='word_1_54' title='bbox 1302 626 1492 677; x_wconf 85' lang='lat' dir='ltr'>turres.</span> <span class='ocrx_word' id='word_1_55' title='bbox 1631 624 1663 676; x_wconf 79' lang='lat'>6</span> <span class='ocrx_word' id='word_1_56' title='bbox 1705 623 1852 692; x_wconf 89' lang='lat' dir='ltr'>quid</span> <span class='ocrx_word' id='word_1_57' title='bbox 1937 652 1939 654; x_wconf 91' lang='lat'>·</span> 
     </span>
    </p>
   </div>
   <div class='ocr_carea' id='block_1_6' title="bbox 94 695 1934 2405">
    <p class='ocr_par' dir='ltr' id='par_1_6' title="bbox 94 695 1934 2405">
     <span class='ocr_line' id='line_1_8' title="bbox 163 695 1934 766; baseline -0.003 -11"><span class='ocrx_word' id='word_1_58' title='bbox 163 702 454 755; x_wconf 89' lang='lat' dir='ltr'>studiosa</span> <span class='ocrx_word' id='word_1_59' title='bbox 510 700 739 753; x_wconf 81' lang='lat' dir='ltr'>cohors</span> <span class='ocrx_word' id='word_1_60' title='bbox 796 716 1054 766; x_wconf 90' lang='lat' dir='ltr'>operum</span> <span class='ocrx_word' id='word_1_61' title='bbox 1111 698 1323 750; x_wconf 86' lang='lat' dir='ltr'>struit.</span> <span class='ocrx_word' id='word_1_62' title='bbox 1423 698 1652 751; x_wconf 86' lang='lat' dir='ltr'>cohors</span> <span class='ocrx_word' id='word_1_63' title='bbox 1708 716 1852 750; x_wconf 89' lang='lat' dir='ltr'>nunc</span> <span class='ocrx_word' id='word_1_64' title='bbox 1923 695 1934 766; x_wconf 45' lang='lat' dir='ltr'>s</span> 
     </span>
     <span class='ocr_line' id='line_1_9' title="bbox 163 771 1855 841; baseline -0.003 -12"><span class='ocrx_word' id='word_1_65' title='bbox 163 777 334 829; x_wconf 87' lang='lat' dir='ltr'>amici.</span> <span class='ocrx_word' id='word_1_66' title='bbox 410 793 538 827; x_wconf 86' lang='lat' dir='ltr'>nam</span> <span class='ocrx_word' id='word_1_67' title='bbox 574 777 627 826; x_wconf 86' lang='lat' dir='ltr'>et</span> <span class='ocrx_word' id='word_1_68' title='bbox 665 773 954 826; x_wconf 87' lang='lat' dir='ltr'>Lucilius</span> <span class='ocrx_word' id='word_1_69' title='bbox 995 791 1100 840; x_wconf 80' lang='lat' dir='ltr'>eos,</span> <span class='ocrx_word' id='word_1_70' title='bbox 1142 773 1233 841; x_wconf 89' lang='lat' dir='ltr'>qui</span> <span class='ocrx_word' id='word_1_71' title='bbox 1266 791 1386 825; x_wconf 88' lang='lat' dir='ltr'>cum</span> <span class='ocrx_word' id='word_1_72' title='bbox 1417 771 1753 841; x_wconf 83' lang='lat' dir='ltr'>praesidibus</span> <span class='ocrx_word' id='word_1_73' title='bbox 1788 771 1855 824; x_wconf 87' lang='lat' dir='ltr'>ad</span> 
     </span>
     <span class='ocr_line' id='line_1_10' title="bbox 164 846 1852 918; baseline -0.003 -15"><span class='ocrx_word' id='word_1_74' title='bbox 164 851 416 904; x_wconf 87' lang='lat' dir='ltr'>salarium</span> <span class='ocrx_word' id='word_1_75' title='bbox 458 852 601 918; x_wconf 68' lang='lat' dir='ltr'>eunt,</span> <span class='ocrx_word' id='word_1_76' title='bbox 640 851 673 914; x_wconf 49' lang='grc' dir='ltr'>’ἵ</span> <span class='ocrx_word' id='word_1_77' title='bbox 714 847 999 899; x_wconf 82' lang='lat' dir='ltr'>mercede</span> <span class='ocrx_word' id='word_1_78' title='bbox 1039 865 1241 899; x_wconf 85' lang='lat' dir='ltr'>meras</span> <span class='ocrx_word' id='word_1_79' title='bbox 1283 848 1575 917; x_wconf 79' lang='lat' dir='ltr'>legiones</span> <span class='ocrx_word' id='word_1_80' title='bbox 1617 847 1705 898; x_wconf 92' lang='lat' dir='ltr'>ait.</span> <span class='ocrx_word' id='word_1_81' title='bbox 1821 846 1852 898; x_wconf 82' lang='lat'>9</span> 
     </span>
     <span class='ocr_line' id='line_1_11' title="bbox 94 921 1854 996; baseline -0.003 -19"><span class='ocrx_word' id='word_1_82' title='bbox 94 945 139 977; x_wconf 90' lang='lat'>10</span> <span class='ocrx_word' id='word_1_83' title='bbox 164 926 311 996; x_wconf 86' lang='lat' dir='ltr'>quid</span> <span class='ocrx_word' id='word_1_84' title='bbox 351 923 562 976; x_wconf 84' lang='lat' dir='ltr'>Titius</span> <span class='ocrx_word' id='word_1_85' title='bbox 602 922 887 975; x_wconf 82' lang='lat' dir='ltr'>Romana</span> <span class='ocrx_word' id='word_1_86' title='bbox 926 921 1107 973; x_wconf 91' lang='lat' dir='ltr'>breui</span> <span class='ocrx_word' id='word_1_87' title='bbox 1147 924 1460 974; x_wconf 89' lang='lat' dir='ltr'>uenturus</span> <span class='ocrx_word' id='word_1_88' title='bbox 1494 923 1557 973; x_wconf 90' lang='lat' dir='ltr'>in</span> <span class='ocrx_word' id='word_1_89' title='bbox 1589 939 1712 974; x_wconf 87' lang='lat' dir='ltr'>ora.</span> <span class='ocrx_word' id='word_1_90' title='bbox 1768 921 1854 972; x_wconf 87' lang='lat' dir='ltr'>Ti-</span> 
     </span>
     <span class='ocr_line' id='line_1_12' title="bbox 161 995 1856 1068; baseline -0.004 -15"><span class='ocrx_word' id='word_1_91' title='bbox 161 1001 270 1053; x_wconf 83' lang='lat' dir='ltr'>tius</span> <span class='ocrx_word' id='word_1_92' title='bbox 317 1000 479 1068; x_wconf 90' lang='lat' dir='ltr'>poeta</span> <span class='ocrx_word' id='word_1_93' title='bbox 525 998 611 1049; x_wconf 89' lang='lat' dir='ltr'>hic</span> <span class='ocrx_word' id='word_1_94' title='bbox 659 996 951 1048; x_wconf 85' lang='lat' dir='ltr'>Pindarum</span> <span class='ocrx_word' id='word_1_95' title='bbox 991 995 1185 1048; x_wconf 91' lang='lat' dir='ltr'>Latino</span> <span class='ocrx_word' id='word_1_96' title='bbox 1234 996 1407 1048; x_wconf 90' lang='lat' dir='ltr'>uoluit</span> <span class='ocrx_word' id='word_1_97' title='bbox 1455 1013 1699 1048; x_wconf 89' lang='lat' dir='ltr'>sermone</span> <span class='ocrx_word' id='word_1_98' title='bbox 1740 1013 1856 1047; x_wconf 86' lang='lat' dir='ltr'>uer-</span> 
     </span>
     <span class='ocr_line' id='line_1_13' title="bbox 160 1069 1858 1138; baseline -0.004 -12"><span class='ocrx_word' id='word_1_99' title='bbox 160 1079 289 1126; x_wconf 84' lang='lat' dir='ltr'>tere.</span> <span class='ocrx_word' id='word_1_100' title='bbox 375 1072 579 1124; x_wconf 90' lang='lat' dir='ltr'>deridet</span> <span class='ocrx_word' id='word_1_101' title='bbox 627 1074 807 1122; x_wconf 86' lang='lat' dir='ltr'>autem</span> <span class='ocrx_word' id='word_1_102' title='bbox 853 1070 997 1122; x_wconf 87' lang='lat' dir='ltr'>hunc</span> <span class='ocrx_word' id='word_1_103' title='bbox 1044 1069 1328 1138; x_wconf 77' lang='lat' dir='ltr'>HoratiUS,</span> <span class='ocrx_word' id='word_1_104' title='bbox 1383 1069 1525 1138; x_wconf 87' lang='lat' dir='ltr'>quod</span> <span class='ocrx_word' id='word_1_105' title='bbox 1578 1088 1739 1121; x_wconf 89' lang='lat' dir='ltr'>ausus</span> <span class='ocrx_word' id='word_1_106' title='bbox 1789 1070 1858 1121; x_wconf 87' lang='lat' dir='ltr'>sit</span> 
     </span>
     <span class='ocr_line' id='line_1_14' title="bbox 166 1144 1858 1215; baseline -0.002 -15"><span class='ocrx_word' id='word_1_107' title='bbox 166 1166 374 1200; x_wconf 86' lang='lat' dir='ltr'>sacrum</span> <span class='ocrx_word' id='word_1_108' title='bbox 424 1164 558 1215; x_wconf 91' lang='lat' dir='ltr'>opus</span> <span class='ocrx_word' id='word_1_109' title='bbox 608 1145 945 1197; x_wconf 69' lang='lat' dir='ltr'>attaminare.</span> <span class='ocrx_word' id='word_1_110' title='bbox 1029 1147 1209 1213; x_wconf 89' lang='lat' dir='ltr'>potest</span> <span class='ocrx_word' id='word_1_111' title='bbox 1254 1147 1437 1196; x_wconf 88' lang='lat' dir='ltr'>tamen</span> <span class='ocrx_word' id='word_1_112' title='bbox 1490 1147 1543 1196; x_wconf 91' lang='lat' dir='ltr'>et</span> <span class='ocrx_word' id='word_1_113' title='bbox 1581 1162 1706 1196; x_wconf 88' lang='lat' dir='ltr'>uere</span> <span class='ocrx_word' id='word_1_114' title='bbox 1745 1144 1858 1196; x_wconf 86' lang='lat' dir='ltr'>lau·</span> 
     </span>
     <span class='ocr_line' id='line_1_15' title="bbox 167 1218 1860 1287; baseline -0.002 -13"><span class='ocrx_word' id='word_1_115' title='bbox 167 1223 308 1274; x_wconf 88' lang='lat' dir='ltr'>dare.</span> <span class='ocrx_word' id='word_1_116' title='bbox 385 1239 512 1273; x_wconf 90' lang='lat' dir='ltr'>nam</span> <span class='ocrx_word' id='word_1_117' title='bbox 537 1219 739 1271; x_wconf 85' lang='lat' dir='ltr'>Tiberii</span> <span class='ocrx_word' id='word_1_118' title='bbox 780 1237 957 1272; x_wconf 90' lang='lat' dir='ltr'>comes</span> <span class='ocrx_word' id='word_1_119' title='bbox 999 1221 1051 1270; x_wconf 91' lang='lat' dir='ltr'>et</span> <span class='ocrx_word' id='word_1_120' title='bbox 1091 1218 1433 1271; x_wconf 88' lang='lat' dir='ltr'>doctissimus</span> <span class='ocrx_word' id='word_1_121' title='bbox 1474 1218 1579 1270; x_wconf 87' lang='lat' dir='ltr'>fuit</span> <span class='ocrx_word' id='word_1_122' title='bbox 1610 1221 1664 1271; x_wconf 85' lang='lat' dir='ltr'>et</span> <span class='ocrx_word' id='word_1_123' title='bbox 1693 1219 1860 1287; x_wconf 80' lang='lat' dir='ltr'>lyrica</span> 
     </span>
     <span class='ocr_line' id='line_1_16' title="bbox 98 1292 1859 1364; baseline -0.002 -16"><span class='ocrx_word' id='word_1_124' title='bbox 98 1316 141 1349; x_wconf 88' lang='lat'>15</span> <span class='ocrx_word' id='word_1_125' title='bbox 168 1295 499 1364; x_wconf 87' lang='lat' dir='ltr'>conscripsit.</span> <span class='ocrx_word' id='word_1_126' title='bbox 582 1295 650 1346; x_wconf 84' lang='lat'>10</span> <span class='ocrx_word' id='word_1_127' title='bbox 689 1293 985 1346; x_wconf 88' lang='lat' dir='ltr'>haustus:</span> <span class='ocrx_word' id='word_1_128' title='bbox 1027 1312 1158 1344; x_wconf 88' lang='lat' dir='ltr'>num</span> <span class='ocrx_word' id='word_1_129' title='bbox 1199 1292 1476 1345; x_wconf 62' lang='lat' dir='ltr'>‘haustu&#39;P</span> <span class='ocrx_word' id='word_1_130' title='bbox 1595 1293 1661 1345; x_wconf 85' lang='lat'>13</span> <span class='ocrx_word' id='word_1_131' title='bbox 1703 1292 1859 1344; x_wconf 83' lang='lat' dir='ltr'>The-</span> 
     </span>
     <span class='ocr_line' id='line_1_17' title="bbox 167 1366 1860 1438; baseline -0.002 -15"><span class='ocrx_word' id='word_1_132' title='bbox 167 1372 368 1423; x_wconf 85' lang='lat' dir='ltr'>banos</span> <span class='ocrx_word' id='word_1_133' title='bbox 410 1373 633 1438; x_wconf 91' lang='lat' dir='ltr'>aptare</span> <span class='ocrx_word' id='word_1_134' title='bbox 681 1368 927 1421; x_wconf 90' lang='lat' dir='ltr'>modos:</span> <span class='ocrx_word' id='word_1_135' title='bbox 1005 1366 1332 1419; x_wconf 87' lang='lat' dir='ltr'>Pindaricos.</span> <span class='ocrx_word' id='word_1_136' title='bbox 1409 1368 1498 1420; x_wconf 89' lang='lat' dir='ltr'>ille</span> <span class='ocrx_word' id='word_1_137' title='bbox 1540 1367 1684 1420; x_wconf 92' lang='lat' dir='ltr'>enim</span> <span class='ocrx_word' id='word_1_138' title='bbox 1723 1366 1860 1419; x_wconf 88' lang='lat' dir='ltr'>The-</span> 
     </span>
     <span class='ocr_line' id='line_1_18' title="bbox 166 1440 1860 1512; baseline -0.002 -15"><span class='ocrx_word' id='word_1_139' title='bbox 166 1446 340 1497; x_wconf 89' lang='lat' dir='ltr'>banus</span> <span class='ocrx_word' id='word_1_140' title='bbox 380 1443 497 1496; x_wconf 82' lang='lat' dir='ltr'>fuit.</span> <span class='ocrx_word' id='word_1_141' title='bbox 639 1442 707 1495; x_wconf 77' lang='lat'>15</span> <span class='ocrx_word' id='word_1_142' title='bbox 748 1442 898 1512; x_wconf 87' lang='lat' dir='ltr'>quid</span> <span class='ocrx_word' id='word_1_143' title='bbox 938 1442 1094 1494; x_wconf 87' lang='lat' dir='ltr'>mihi</span> <span class='ocrx_word' id='word_1_144' title='bbox 1135 1440 1356 1495; x_wconf 82' lang='lat' dir='ltr'>Celsus</span> <span class='ocrx_word' id='word_1_145' title='bbox 1399 1442 1535 1512; x_wconf 81' lang='lat' dir='ltr'>agit</span> <span class='ocrx_word' id='word_1_146' title='bbox 1573 1441 1860 1498; x_wconf 79' lang='lat' dir='ltr'>monitus</span> 
     </span>
     <span class='ocr_line' id='line_1_19' title="bbox 166 1515 1861 1587; baseline -0.002 -16"><span class='ocrx_word' id='word_1_147' title='bbox 166 1520 574 1587; x_wconf 84' lang='lat' dir='ltr'>multumque.</span> <span class='ocrx_word' id='word_1_148' title='bbox 654 1515 841 1569; x_wconf 81' lang='lat' dir='ltr'>Celsus</span> <span class='ocrx_word' id='word_1_149' title='bbox 881 1517 968 1569; x_wconf 89' lang='lat' dir='ltr'>hic</span> <span class='ocrx_word' id='word_1_150' title='bbox 991 1521 1145 1584; x_wconf 31' lang='lat' dir='ltr'>poetas</span> <span class='ocrx_word' id='word_1_151' title='bbox 1176 1516 1293 1585; x_wconf 68' lang='lat' dir='ltr'>fuit7</span> <span class='ocrx_word' id='word_1_152' title='bbox 1328 1535 1485 1586; x_wconf 86' lang='lat' dir='ltr'>quem</span> <span class='ocrx_word' id='word_1_153' title='bbox 1516 1519 1713 1569; x_wconf 88' lang='lat' dir='ltr'>monet.</span> <span class='ocrx_word' id='word_1_154' title='bbox 1770 1516 1861 1584; x_wconf 89' lang='lat' dir='ltr'>qui</span> 
     </span>
     <span class='ocr_line' id='line_1_20' title="bbox 169 1591 1863 1659; baseline -0.002 -14"><span class='ocrx_word' id='word_1_155' title='bbox 169 1593 377 1646; x_wconf 81' lang='lat' dir='ltr'>solebat</span> <span class='ocrx_word' id='word_1_156' title='bbox 422 1593 588 1645; x_wconf 86' lang='lat' dir='ltr'>libros</span> <span class='ocrx_word' id='word_1_157' title='bbox 636 1592 695 1643; x_wconf 89' lang='lat' dir='ltr'>in</span> <span class='ocrx_word' id='word_1_158' title='bbox 740 1591 1125 1644; x_wconf 87' lang='lat' dir='ltr'>bibliothecam</span> <span class='ocrx_word' id='word_1_159' title='bbox 1173 1591 1444 1659; x_wconf 87' lang='lat' dir='ltr'>Apollinis</span> <span class='ocrx_word' id='word_1_160' title='bbox 1491 1594 1734 1659; x_wconf 89' lang='lat' dir='ltr'>receptos</span> <span class='ocrx_word' id='word_1_161' title='bbox 1777 1608 1863 1641; x_wconf 83' lang='lat' dir='ltr'>ex-</span> 
     </span>
     <span class='ocr_line' id='line_1_21' title="bbox 97 1665 1860 1736; baseline -0.002 -16"><span class='ocrx_word' id='word_1_162' title='bbox 97 1689 144 1720; x_wconf 82' lang='lat'>20</span> <span class='ocrx_word' id='word_1_163' title='bbox 168 1685 380 1736; x_wconf 89' lang='lat' dir='ltr'>cerpere</span> <span class='ocrx_word' id='word_1_164' title='bbox 429 1669 482 1718; x_wconf 89' lang='lat' dir='ltr'>et</span> <span class='ocrx_word' id='word_1_165' title='bbox 529 1667 732 1719; x_wconf 90' lang='lat' dir='ltr'>alienos</span> <span class='ocrx_word' id='word_1_166' title='bbox 780 1684 967 1718; x_wconf 87' lang='lat' dir='ltr'>uersus</span> <span class='ocrx_word' id='word_1_167' title='bbox 1014 1684 1112 1734; x_wconf 87' lang='lat' dir='ltr'>pro</span> <span class='ocrx_word' id='word_1_168' title='bbox 1162 1667 1270 1718; x_wconf 88' lang='lat' dir='ltr'>suis</span> <span class='ocrx_word' id='word_1_169' title='bbox 1318 1667 1556 1718; x_wconf 88' lang='lat' dir='ltr'>recitare.</span> <span class='ocrx_word' id='word_1_170' title='bbox 1635 1665 1720 1717; x_wconf 91' lang='lat' dir='ltr'>cui</span> <span class='ocrx_word' id='word_1_171' title='bbox 1761 1665 1860 1716; x_wconf 88' lang='lat' dir='ltr'>sub</span> 
     </span>
     <span class='ocr_line' id='line_1_22' title="bbox 169 1739 1861 1807; baseline -0.003 -12"><span class='ocrx_word' id='word_1_172' title='bbox 169 1741 512 1795; x_wconf 88' lang='lat' dir='ltr'>conuenienti</span> <span class='ocrx_word' id='word_1_173' title='bbox 559 1740 786 1793; x_wconf 86' lang='lat' dir='ltr'>cornicis</span> <span class='ocrx_word' id='word_1_174' title='bbox 833 1739 1031 1792; x_wconf 80' lang='lat' dir='ltr'>fabella</span> <span class='ocrx_word' id='word_1_175' title='bbox 1078 1740 1228 1807; x_wconf 85' lang='lat' dir='ltr'>dicit,</span> <span class='ocrx_word' id='word_1_176' title='bbox 1276 1743 1336 1791; x_wconf 87' lang='lat' dir='ltr'>ut</span> <span class='ocrx_word' id='word_1_177' title='bbox 1384 1741 1559 1792; x_wconf 86' lang='lat' dir='ltr'>aliena</span> <span class='ocrx_word' id='word_1_178' title='bbox 1608 1740 1709 1792; x_wconf 88' lang='lat' dir='ltr'>sibi</span> <span class='ocrx_word' id='word_1_179' title='bbox 1749 1757 1861 1791; x_wconf 90' lang='lat' dir='ltr'>non</span> 
     </span>
     <span class='ocr_line' id='line_1_23' title="bbox 168 1813 1864 1885; baseline -0.002 -17"><span class='ocrx_word' id='word_1_180' title='bbox 168 1816 422 1885; x_wconf 77' lang='lat' dir='ltr'>uindicet,</span> <span class='ocrx_word' id='word_1_181' title='bbox 461 1833 544 1884; x_wconf 85' lang='grc'>116,</span> <span class='ocrx_word' id='word_1_182' title='bbox 585 1815 629 1867; x_wconf 90' lang='lat' dir='ltr'>si</span> <span class='ocrx_word' id='word_1_183' title='bbox 669 1815 1034 1884; x_wconf 84' lang='lat' dir='ltr'>unusquisque</span> <span class='ocrx_word' id='word_1_184' title='bbox 1077 1832 1174 1866; x_wconf 86' lang='lat' dir='ltr'>sua</span> <span class='ocrx_word' id='word_1_185' title='bbox 1205 1814 1377 1882; x_wconf 79' lang='lat' dir='ltr'>tollat,</span> <span class='ocrx_word' id='word_1_186' title='bbox 1416 1814 1505 1866; x_wconf 87' lang='lat' dir='ltr'>ille</span> <span class='ocrx_word' id='word_1_187' title='bbox 1540 1833 1696 1866; x_wconf 89' lang='lat' dir='ltr'>suum</span> <span class='ocrx_word' id='word_1_188' title='bbox 1728 1813 1864 1865; x_wconf 83' lang='lat' dir='ltr'>nihil</span> 
     </span>
     <span class='ocr_line' id='line_1_24' title="bbox 169 1887 1864 1958; baseline -0.002 -16"><span class='ocrx_word' id='word_1_189' title='bbox 169 1890 424 1942; x_wconf 87' lang='lat' dir='ltr'>inueniat.</span> <span class='ocrx_word' id='word_1_190' title='bbox 525 1889 595 1942; x_wconf 77' lang='lat'>26</span> <span class='ocrx_word' id='word_1_191' title='bbox 635 1889 880 1958; x_wconf 81' lang='lat' dir='ltr'>frigida</span> <span class='ocrx_word' id='word_1_192' title='bbox 919 1907 1211 1941; x_wconf 88' lang='lat' dir='ltr'>curarum</span> <span class='ocrx_word' id='word_1_193' title='bbox 1241 1887 1541 1941; x_wconf 78' lang='lat' dir='ltr'>fomenta.</span> <span class='ocrx_word' id='word_1_194' title='bbox 1595 1887 1864 1957; x_wconf 85' lang='lat' dir='ltr'>poeticam</span> 
     </span>
     <span class='ocr_line' id='line_1_25' title="bbox 171 1962 1858 2034; baseline -0.002 -18"><span class='ocrx_word' id='word_1_195' title='bbox 171 1964 460 2034; x_wconf 71' lang='lat' dir='ltr'>significat,</span> <span class='ocrx_word' id='word_1_196' title='bbox 509 1982 615 2032; x_wconf 86' lang='lat' dir='ltr'>qua</span> <span class='ocrx_word' id='word_1_197' title='bbox 660 1964 848 2015; x_wconf 86' lang='lat' dir='ltr'>relicta</span> <span class='ocrx_word' id='word_1_198' title='bbox 893 1963 1009 2031; x_wconf 86' lang='lat' dir='ltr'>ipse</span> <span class='ocrx_word' id='word_1_199' title='bbox 1066 1963 1362 2032; x_wconf 87' lang='lat' dir='ltr'>sapientiae</span> <span class='ocrx_word' id='word_1_200' title='bbox 1419 1962 1637 2015; x_wconf 82' lang='lat' dir='ltr'>studuit.</span> <span class='ocrx_word' id='word_1_201' title='bbox 1791 1962 1858 2013; x_wconf 69' lang='lat'>29</span> 
     </span>
     <span class='ocr_line' id='line_1_26' title="bbox 102 2036 1862 2108; baseline -0.001 -18"><span class='ocrx_word' id='word_1_202' title='bbox 102 2058 146 2090; x_wconf 83' lang='lat'>25</span> <span class='ocrx_word' id='word_1_203' title='bbox 173 2039 225 2091; x_wconf 90' lang='lat' dir='ltr'>si</span> <span class='ocrx_word' id='word_1_204' title='bbox 269 2039 520 2108; x_wconf 89' lang='lat' dir='ltr'>patriae</span> <span class='ocrx_word' id='word_1_205' title='bbox 569 2039 865 2090; x_wconf 89' lang='lat' dir='ltr'>uolumus</span> <span class='ocrx_word' id='word_1_206' title='bbox 916 2038 967 2089; x_wconf 91' lang='lat' dir='ltr'>si</span> <span class='ocrx_word' id='word_1_207' title='bbox 1015 2038 1202 2090; x_wconf 88' lang='lat' dir='ltr'>nobis</span> <span class='ocrx_word' id='word_1_208' title='bbox 1242 2037 1460 2089; x_wconf 88' lang='lat' dir='ltr'>uiuere</span> <span class='ocrx_word' id='word_1_209' title='bbox 1502 2037 1634 2089; x_wconf 89' lang='lat' dir='ltr'>cari</span> <span class='ocrx_word' id='word_1_210' title='bbox 1673 2036 1862 2088; x_wconf 86' lang='lat' dir='ltr'>debes</span> 
     </span>
     <span class='ocr_line' id='line_1_27' title="bbox 169 2110 1863 2181; baseline -0.002 -16"><span class='ocrx_word' id='word_1_211' title='bbox 169 2113 301 2165; x_wconf 91' lang='lat' dir='ltr'>hoc.</span> <span class='ocrx_word' id='word_1_212' title='bbox 387 2115 510 2181; x_wconf 89' lang='lat' dir='ltr'>apte</span> <span class='ocrx_word' id='word_1_213' title='bbox 559 2112 625 2164; x_wconf 92' lang='lat' dir='ltr'>ab</span> <span class='ocrx_word' id='word_1_214' title='bbox 673 2112 792 2180; x_wconf 90' lang='lat' dir='ltr'>ipsa</span> <span class='ocrx_word' id='word_1_215' title='bbox 838 2112 995 2164; x_wconf 88' lang='lat' dir='ltr'>laude</span> <span class='ocrx_word' id='word_1_216' title='bbox 1042 2111 1416 2180; x_wconf 86' lang='lat' dir='ltr'>philosophiae</span> <span class='ocrx_word' id='word_1_217' title='bbox 1471 2110 1748 2164; x_wconf 89' lang='lat' dir='ltr'>descendit</span> <span class='ocrx_word' id='word_1_218' title='bbox 1796 2110 1863 2162; x_wconf 88' lang='lat' dir='ltr'>ad</span> 
     </span>
     <span class='ocr_line' id='line_1_28' title="bbox 169 2185 1860 2239; baseline -0.001 -1"><span class='ocrx_word' id='word_1_219' title='bbox 169 2187 520 2239; x_wconf 85' lang='lat' dir='ltr'>inhibendam</span> <span class='ocrx_word' id='word_1_220' title='bbox 560 2187 673 2238; x_wconf 89' lang='lat' dir='ltr'>eius</span> <span class='ocrx_word' id='word_1_221' title='bbox 713 2186 1045 2239; x_wconf 87' lang='lat' dir='ltr'>iracundiam</span> <span class='ocrx_word' id='word_1_222' title='bbox 1088 2186 1344 2238; x_wconf 87' lang='lat' dir='ltr'>aduersus</span> <span class='ocrx_word' id='word_1_223' title='bbox 1393 2186 1636 2238; x_wconf 86' lang='lat' dir='ltr'>amicum.</span> <span class='ocrx_word' id='word_1_224' title='bbox 1789 2185 1860 2236; x_wconf 82' lang='lat'>30</span> 
     </span>
     <span class='ocr_line' id='line_1_29' title="bbox 175 2258 1867 2329; baseline -0.001 -17"><span class='ocrx_word' id='word_1_225' title='bbox 175 2261 260 2313; x_wconf 87' lang='lat' dir='ltr'>sit</span> <span class='ocrx_word' id='word_1_226' title='bbox 299 2260 422 2312; x_wconf 89' lang='lat' dir='ltr'>tibi</span> <span class='ocrx_word' id='word_1_227' title='bbox 463 2279 667 2313; x_wconf 91' lang='lat' dir='ltr'>curae.</span> <span class='ocrx_word' id='word_1_228' title='bbox 746 2261 893 2313; x_wconf 87' lang='lat' dir='ltr'>deest</span> <span class='ocrx_word' id='word_1_229' title='bbox 934 2260 1058 2329; x_wconf 68' lang='lat' dir='ltr'>‘an&#39;‚</span> <span class='ocrx_word' id='word_1_230' title='bbox 1096 2263 1157 2312; x_wconf 87' lang='lat' dir='ltr'>ut</span> <span class='ocrx_word' id='word_1_231' title='bbox 1198 2261 1268 2313; x_wconf 87' lang='lat' dir='ltr'>sit</span> <span class='ocrx_word' id='word_1_232' title='bbox 1309 2278 1521 2312; x_wconf 88' lang='lat' dir='ltr'>sensus:</span> <span class='ocrx_word' id='word_1_233' title='bbox 1564 2278 1634 2312; x_wconf 92' lang='lat' dir='ltr'>an</span> <span class='ocrx_word' id='word_1_234' title='bbox 1667 2259 1737 2312; x_wconf 87' lang='lat' dir='ltr'>sit</span> <span class='ocrx_word' id='word_1_235' title='bbox 1767 2258 1867 2310; x_wconf 85' lang='lat' dir='ltr'>tibi</span> 
     </span>
     <span class='ocr_line' id='line_1_30' title="bbox 174 2333 1870 2405; baseline -0.001 -18"><span class='ocrx_word' id='word_1_236' title='bbox 174 2352 333 2388; x_wconf 84' lang='lat' dir='ltr'>curae</span> <span class='ocrx_word' id='word_1_237' title='bbox 371 2333 665 2387; x_wconf 76' lang='lat' dir='ltr'>Munatius,</span> <span class='ocrx_word' id='word_1_238' title='bbox 818 2336 890 2388; x_wconf 73' lang='lat'>32</span> <span class='ocrx_word' id='word_1_239' title='bbox 938 2335 1150 2405; x_wconf 80' lang='lat' dir='ltr'>gratia</span> <span class='ocrx_word' id='word_1_240' title='bbox 1198 2335 1584 2403; x_wconf 88' lang='lat' dir='ltr'>nequiquam</span> <span class='ocrx_word' id='word_1_241' title='bbox 1633 2333 1762 2386; x_wconf 88' lang='lat' dir='ltr'>coit</span> <span class='ocrx_word' id='word_1_242' title='bbox 1810 2336 1870 2385; x_wconf 84' lang='lat' dir='ltr'>et</span> 
     </span>
    </p>
   </div>
   <div class='ocr_carea' id='block_1_7' title="bbox 296 2467 668 2522">
    <p class='ocr_par' dir='ltr' id='par_1_7' title="bbox 296 2467 668 2522">
     <span class='ocr_line' id='line_1_31' title="bbox 296 2467 668 2522; baseline 0.003 -12"><span class='ocrx_word' id='word_1_243' title='bbox 296 2472 320 2510; x_wconf 83' lang='lat'>9</span> <span class='ocrx_word' id='word_1_244' title='bbox 354 2467 502 2511; x_wconf 86' lang='lat' dir='ltr'>Lucil.</span> <span class='ocrx_word' id='word_1_245' title='bbox 539 2473 577 2522; x_wconf 87' lang='lat'>1,</span> <span class='ocrx_word' id='word_1_246' title='bbox 612 2472 668 2511; x_wconf 83' lang='lat'>30</span> 
     </span>
    </p>
   </div>
   <div class='ocr_carea' id='block_1_8' title="bbox 171 2568 1874 3100">
    <p class='ocr_par' dir='ltr' id='par_1_8' title="bbox 171 2568 1874 3100">
     <span class='ocr_line' id='line_1_32' title="bbox 296 2568 1870 2626; baseline -0.003 -12"><span class='ocrx_word' id='word_1_247' title='bbox 296 2575 321 2614; x_wconf 88' lang='lat'><strong>3</strong></span> <span class='ocrx_word' id='word_1_248' title='bbox 362 2584 416 2614; x_wconf 88' lang='lat' dir='ltr'>ac</span> <span class='ocrx_word' id='word_1_249' title='bbox 458 2571 521 2613; x_wconf 88' lang='lat' dir='ltr'><em>M</em></span> <span class='ocrx_word' id='word_1_250' title='bbox 698 2576 725 2613; x_wconf 88' lang='lat'>4</span> <span class='ocrx_word' id='word_1_251' title='bbox 764 2584 948 2626; x_wconf 83' lang='lat' dir='ltr'>praesse</span> <span class='ocrx_word' id='word_1_252' title='bbox 993 2574 1033 2614; x_wconf 74' lang='lat' dir='ltr'>et</span> <span class='ocrx_word' id='word_1_253' title='bbox 1072 2583 1175 2614; x_wconf 85' lang='lat' dir='ltr'>erus</span> <span class='ocrx_word' id='word_1_254' title='bbox 1215 2574 1255 2613; x_wconf 76' lang='lat' dir='ltr'>et</span> <span class='ocrx_word' id='word_1_255' title='bbox 1294 2569 1551 2626; x_wconf 82' lang='lat' dir='ltr'>ellesponte</span> <span class='ocrx_word' id='word_1_256' title='bbox 1594 2568 1676 2622; x_wconf 80' lang='lat' dir='ltr'>M,</span> <span class='ocrx_word' id='word_1_257' title='bbox 1714 2581 1870 2624; x_wconf 87' lang='lat' dir='ltr'>presse</span> 
     </span>
     <span class='ocr_line' id='line_1_33' title="bbox 182 2626 1872 2686; baseline -0.003 -12"><span class='ocrx_word' id='word_1_258' title='bbox 182 2630 323 2674; x_wconf 72' lang='lat' dir='ltr'>‘inter</span> <span class='ocrx_word' id='word_1_259' title='bbox 363 2629 597 2674; x_wconf 85' lang='lat' dir='ltr'>currentia</span> <span class='ocrx_word' id='word_1_260' title='bbox 639 2630 806 2673; x_wconf 87' lang='lat' dir='ltr'>turres&#39;</span> <span class='ocrx_word' id='word_1_261' title='bbox 851 2629 989 2685; x_wconf 71' lang='lat' dir='ltr'>&lt;prot</span> <span class='ocrx_word' id='word_1_262' title='bbox 1032 2628 1155 2672; x_wconf 82' lang='lat' dir='ltr'>inter</span> <span class='ocrx_word' id='word_1_263' title='bbox 1195 2631 1379 2686; x_wconf 83' lang='lat' dir='ltr'>turres&gt;</span> <span class='ocrx_word' id='word_1_264' title='bbox 1412 2629 1561 2673; x_wconf 85' lang='lat' dir='ltr'>Herus</span> <span class='ocrx_word' id='word_1_265' title='bbox 1593 2630 1640 2672; x_wconf 86' lang='lat' dir='ltr'>et</span> <span class='ocrx_word' id='word_1_266' title='bbox 1670 2626 1872 2671; x_wconf 85' lang='lat' dir='ltr'>Leandri</span> 
     </span>
     <span class='ocr_line' id='line_1_34' title="bbox 179 2686 1869 2744; baseline -0.002 -11"><span class='ocrx_word' id='word_1_267' title='bbox 179 2689 258 2733; x_wconf 91' lang='grc'>1161</span> <span class='ocrx_word' id='word_1_268' title='bbox 287 2689 494 2744; x_wconf 86' lang='lat' dir='ltr'>ipsarum</span> <span class='ocrx_word' id='word_1_269' title='bbox 525 2688 711 2733; x_wconf 85' lang='lat' dir='ltr'>urbium</span> <span class='ocrx_word' id='word_1_270' title='bbox 741 2689 908 2732; x_wconf 85' lang='lat' dir='ltr'>turres.</span> <span class='ocrx_word' id='word_1_271' title='bbox 940 2688 1119 2744; x_wconf 72' lang='lat' dir='ltr'>(nam)</span> <span class='ocrx_word' id='word_1_272' title='bbox 1149 2688 1272 2732; x_wconf 88' lang='lat' dir='ltr'>inter</span> <span class='ocrx_word' id='word_1_273' title='bbox 1304 2686 1471 2732; x_wconf 83' lang='lat' dir='ltr'>Seston</span> <span class='ocrx_word' id='word_1_274' title='bbox 1502 2692 1579 2732; x_wconf 78' lang='lat' dir='ltr'>etc.</span> <span class='ocrx_word' id='word_1_275' title='bbox 1619 2699 1702 2730; x_wconf 74' lang='lat' dir='ltr'>nos</span> <span class='ocrx_word' id='word_1_276' title='bbox 1845 2690 1869 2729; x_wconf 86' lang='grc'>9</span> 
     </span>
     <span class='ocr_line' id='line_1_35' title="bbox 177 2745 1870 2804; baseline -0.002 -13"><span class='ocrx_word' id='word_1_277' title='bbox 177 2749 358 2792; x_wconf 87' lang='lat' dir='ltr'>merent</span> <span class='ocrx_word' id='word_1_278' title='bbox 383 2748 418 2790; x_wconf 90' lang='lat' dir='ltr'><em>I</em></span> <span class='ocrx_word' id='word_1_279' title='bbox 418 2762 494 2792; x_wconf 73' lang='lat' dir='ltr'>an.</span> <span class='ocrx_word' id='word_1_280' title='bbox 518 2748 682 2792; x_wconf 76' lang='lat' dir='ltr'>Dousa</span> <span class='ocrx_word' id='word_1_281' title='bbox 705 2761 787 2791; x_wconf 82' lang='lat' dir='ltr'>sec.</span> <span class='ocrx_word' id='word_1_282' title='bbox 820 2748 1029 2792; x_wconf 71' lang='lat' dir='ltr'>Nonium</span> <span class='ocrx_word' id='word_1_283' title='bbox 1054 2751 1157 2800; x_wconf 74' lang='lat'><em>345,</em></span> <span class='ocrx_word' id='word_1_284' title='bbox 1190 2748 1266 2791; x_wconf 72' lang='lat' dir='ltr'>cui</span> <span class='ocrx_word' id='word_1_285' title='bbox 1289 2751 1518 2804; x_wconf 70' lang='lat' dir='ltr'>‘repuynat</span> <span class='ocrx_word' id='word_1_286' title='bbox 1540 2746 1729 2790; x_wconf 78' lang='lat' dir='ltr'>elocutio</span> <span class='ocrx_word' id='word_1_287' title='bbox 1758 2745 1870 2788; x_wconf 81' lang='lat' dir='ltr'>Por-</span> 
     </span>
     <span class='ocr_line' id='line_1_36' title="bbox 171 2804 1873 2864; baseline -0.002 -14"><span class='ocrx_word' id='word_1_288' title='bbox 171 2808 420 2864; x_wconf 72' lang='lat' dir='ltr'>phyrionis</span> <span class='ocrx_word' id='word_1_289' title='bbox 514 2813 568 2851; x_wconf 90' lang='lat'>10</span> <span class='ocrx_word' id='word_1_290' title='bbox 595 2820 841 2851; x_wconf 83' lang='lat' dir='ltr'>arromana</span> <span class='ocrx_word' id='word_1_291' title='bbox 863 2807 1027 2851; x_wconf 81' lang='lat' dir='ltr'>braeui</span> <span class='ocrx_word' id='word_1_292' title='bbox 1063 2843 1071 2850; x_wconf 98' lang='lat'>.</span> <span class='ocrx_word' id='word_1_293' title='bbox 1107 2843 1114 2850; x_wconf 93' lang='lat'>.</span> <span class='ocrx_word' id='word_1_294' title='bbox 1140 2807 1257 2850; x_wconf 84' lang='lat' dir='ltr'>hora</span> <span class='ocrx_word' id='word_1_295' title='bbox 1283 2807 1345 2849; x_wconf 89' lang='lat' dir='ltr'><em>M</em></span> <span class='ocrx_word' id='word_1_296' title='bbox 1418 2804 1488 2850; x_wconf 77' lang='lat'>&#39;12</span> <span class='ocrx_word' id='word_1_297' title='bbox 1513 2805 1640 2850; x_wconf 89' lang='lat' dir='ltr'>huno</span> <span class='ocrx_word' id='word_1_298' title='bbox 1667 2805 1730 2848; x_wconf 90' lang='lat' dir='ltr'><em>M</em></span> <span class='ocrx_word' id='word_1_299' title='bbox 1819 2809 1873 2847; x_wconf 81' lang='lat'>14</span> 
     </span>
     <span class='ocr_line' id='line_1_37' title="bbox 178 2863 1753 2910; baseline -0.002 0"><span class='ocrx_word' id='word_1_300' title='bbox 178 2867 268 2910; x_wconf 88' lang='lat' dir='ltr'>t1b1</span> <span class='ocrx_word' id='word_1_301' title='bbox 301 2879 453 2910; x_wconf 87' lang='lat' dir='ltr'>comes</span> <span class='ocrx_word' id='word_1_302' title='bbox 488 2867 552 2909; x_wconf 89' lang='lat' dir='ltr'><em>M</em></span> <span class='ocrx_word' id='word_1_303' title='bbox 672 2871 725 2910; x_wconf 85' lang='lat'>15</span> <span class='ocrx_word' id='word_1_304' title='bbox 757 2866 974 2910; x_wconf 84' lang='lat' dir='ltr'>haustus:</span> <span class='ocrx_word' id='word_1_305' title='bbox 1006 2866 1181 2909; x_wconf 87' lang='lat' dir='ltr'>haustu</span> <span class='ocrx_word' id='word_1_306' title='bbox 1215 2866 1277 2909; x_wconf 88' lang='lat' dir='ltr'><em>M</em></span> <span class='ocrx_word' id='word_1_307' title='bbox 1396 2870 1450 2910; x_wconf 88' lang='lat'>18</span> <span class='ocrx_word' id='word_1_308' title='bbox 1483 2864 1651 2909; x_wconf 81' lang='lat' dir='ltr'>celsius</span> <span class='ocrx_word' id='word_1_309' title='bbox 1689 2863 1753 2907; x_wconf 94' lang='lat' dir='ltr'><em>M</em></span> 
     </span>
     <span class='ocr_line' id='line_1_38' title="bbox 178 2921 1872 2981; baseline -0.003 -12"><span class='ocrx_word' id='word_1_310' title='bbox 178 2927 320 2981; x_wconf 89' lang='lat' dir='ltr'>poeta</span> <span class='ocrx_word' id='word_1_311' title='bbox 351 2926 455 2969; x_wconf 78' lang='lat' dir='ltr'>add.</span> <span class='ocrx_word' id='word_1_312' title='bbox 490 2926 598 2969; x_wconf 76' lang='lat' dir='ltr'>Aer.</span> <span class='ocrx_word' id='word_1_313' title='bbox 707 2925 848 2981; x_wconf 84' lang='lat' dir='ltr'>quia?</span> <span class='ocrx_word' id='word_1_314' title='bbox 958 2930 1011 2969; x_wconf 86' lang='lat'>19</span> <span class='ocrx_word' id='word_1_315' title='bbox 1045 2925 1226 2969; x_wconf 86' lang='lat' dir='ltr'>solebat</span> <span class='ocrx_word' id='word_1_316' title='bbox 1249 2924 1468 2980; x_wconf 79' lang='lat' dir='ltr'>apollinis</span> <span class='ocrx_word' id='word_1_317' title='bbox 1492 2925 1704 2980; x_wconf 86' lang='lat' dir='ltr'>receptos</span> <span class='ocrx_word' id='word_1_318' title='bbox 1729 2921 1872 2965; x_wconf 87' lang='lat' dir='ltr'>hbros</span> 
     </span>
     <span class='ocr_line' id='line_1_39' title="bbox 179 2980 1874 3041; baseline -0.002 -15"><span class='ocrx_word' id='word_1_319' title='bbox 179 2984 229 3026; x_wconf 90' lang='lat' dir='ltr'>in</span> <span class='ocrx_word' id='word_1_320' title='bbox 258 2984 567 3029; x_wconf 79' lang='lat' dir='ltr'>blbhothecas</span> <span class='ocrx_word' id='word_1_321' title='bbox 609 2998 819 3041; x_wconf 80' lang='lat' dir='ltr'>excipere</span> <span class='ocrx_word' id='word_1_322' title='bbox 865 2985 945 3037; x_wconf 88' lang='lat' dir='ltr'>M,</span> <span class='ocrx_word' id='word_1_323' title='bbox 977 2997 1092 3027; x_wconf 76' lang='lat' dir='ltr'>corr.</span> <span class='ocrx_word' id='word_1_324' title='bbox 1125 2984 1339 3028; x_wconf 75' lang='lat' dir='ltr'>Hauthal</span> <span class='ocrx_word' id='word_1_325' title='bbox 1487 2988 1541 3027; x_wconf 81' lang='lat'>21</span> <span class='ocrx_word' id='word_1_326' title='bbox 1577 2980 1874 3026; x_wconf 80' lang='lat' dir='ltr'>conuenienti</span> 
     </span>
     <span class='ocr_line' id='line_1_40' title="bbox 183 3041 1874 3100; baseline -0.002 -14"><span class='ocrx_word' id='word_1_327' title='bbox 183 3043 364 3100; x_wconf 73' lang='lat' dir='ltr'>Pauly.-</span> <span class='ocrx_word' id='word_1_328' title='bbox 396 3046 716 3088; x_wconf 78' lang='lat' dir='ltr'>conuenientis</span> <span class='ocrx_word' id='word_1_329' title='bbox 753 3044 815 3087; x_wconf 93' lang='lat' dir='ltr'><em>M</em></span> <span class='ocrx_word' id='word_1_330' title='bbox 923 3043 1086 3088; x_wconf 78' lang='lat' dir='ltr'>sabelli</span> <span class='ocrx_word' id='word_1_331' title='bbox 1120 3044 1182 3086; x_wconf 88' lang='lat' dir='ltr'><em>M</em></span> <span class='ocrx_word' id='word_1_332' title='bbox 1294 3047 1351 3086; x_wconf 79' lang='lat'>24</span> <span class='ocrx_word' id='word_1_333' title='bbox 1382 3042 1438 3097; x_wconf 80' lang='lat' dir='ltr'>cf.</span> <span class='ocrx_word' id='word_1_334' title='bbox 1470 3043 1535 3086; x_wconf 78' lang='lat' dir='ltr'>ad</span> <span class='ocrx_word' id='word_1_335' title='bbox 1573 3041 1632 3084; x_wconf 85' lang='lat' dir='ltr'>E.</span> <span class='ocrx_word' id='word_1_336' title='bbox 1666 3045 1709 3094; x_wconf 85' lang='lat'>1,</span> <span class='ocrx_word' id='word_1_337' title='bbox 1741 3044 1782 3094; x_wconf 76' lang='lat'>1,</span> <span class='ocrx_word' id='word_1_338' title='bbox 1813 3044 1874 3083; x_wconf 88' lang='lat'>10</span> 
     </span>
    </p>
   </div>
  </div>
 </body>
</html>
