1939 3197
143 115 250 166 278
588 113 890 158 EPISTULA
921 115 954 170 1,
992 120 1060 169 10,
1094 119 1284 172 1-6-11,
1320 119 1388 159 1-2.

144 252 282 320 quit,
329 250 608 303 fastidium
655 269 739 302 me
790 250 1045 303 adsiduae
1093 250 1241 303 urbis
1293 254 1443 303 tenet
1483 254 1536 304 et
1575 270 1664 304 rus
1705 268 1837 322 egeo

144 329 198 378 et
236 344 373 394 amo,
415 343 573 394 quem
614 325 681 376 ad
721 325 941 378 modum
979 325 1244 394 fugitiuus
1285 325 1839 395 sacerdotis-quiliba

144 401 214 452 sit
260 400 414 452 edere
462 402 766 452 consuetus.
845 418 974 452 cum·
1012 399 1177 469 fugit,
1223 399 1459 452 fastidiov
1489 401 1671 470 longo.
1706 399 1839 452 liba—

143 475 351 526 minum
397 491 595 543 panem
633 476 849 526 tantum
889 473 1158 526 desiderat
1197 476 1250 525 et
1280 474 1490 542 laudat3
1530 474 1609 526 ita
1645 477 1704 527 etr
1738 492 1839 544 ego

99 561 118 594 5
143 568 234 601 rus
268 549 544 601 ciuitatem
568 549 880 618 neglegens.
933 549 1436 618 totumaallegorice.
1540 549 1606 601 16
1632 549 1842 601 leniat

144 627 205 675 et
249 623 507 676 rabiem.
596 622 724 675 dicit
770 624 882 675 ruri
928 622 1176 675 homines
1224 641 1337 675 non
1375 623 1515 676 laedi
1554 624 1642 675 uel
1682 622 1840 675 Cani-

143 698 292 750 culae
324 699 412 750 uel
443 696 640 749 Leonis
674 698 846 767 signo.
940 697 1010 748 29
1046 715 1230 765 quam
1270 697 1377 765 qui
1415 716 1543 750 non
1581 699 1840 766 poterit.

141 772 245 825 hoc
285 772 376 841 ait,
417 772 579 825 simili
618 789 812 841 genere
855 775 907 823 et
945 789 1059 824 non
1097 771 1295 824 minori
1335 771 1531 824 damno
1564 771 1842 824 adficietur

145 865 307 915 quam
345 846 669 917 negotiator,
709 847 815 915 qui,
853 847 901 899 327
939 864 1123 898 ueram
1157 845 1381 914 Tyriam
1423 850 1475 898 et
1515 845 1638 899 fuco
1672 845 1837 916 Aqui-

76 937 119 969 1ο
143 924 271 974 nate
325 922 555 973 tinctam
611 921 911 974 discernere
966 939 1079 974 non
1140 920 1399 989 potuerit,
1454 939 1566 973 non
1628 924 1843 973 tantum

144 996 328 1049 damni
374 996 630 1064 patietur,
680 1015 841 1064 quam
888 996 932 1048 is
982 995 1074 1063 qui
1121 1013 1250 1047 uera
1289 995 1434 1047 bona
1473 1012 1505 1046 α
1545 995 1698 1048 falsis
1741 995 1844 1047 dis-

143 1088 358 1123 cernere
397 1088 511 1122 non
550 1070 768 1122 ualebit.
905 1070 977 1121 40
1026 1068 1347 1121 dominum
1397 1069 1588 1121 ueliet
1627 1069 1843 1138 inpro—

144 1145 260 1197 bus
308 1147 516 1213 atque.
606 1144 734 1196 dicit
788 1162 901 1197 non
949 1144 1140 1195 debere
1190 1161 1356 1211 usque
1406 1161 1468 1196 eo
1518 1154 1698 1196 amore
1754 1162 1844 1212 pe-

145 1219 333 1271 cuniae
375 1219 725 1288 conflagrare,
765 1221 826 1270 ut
865 1218 922 1270 in
961 1220 1287 1287 potestatem
1330 1217 1442 1270 eius
1483 1218 1684 1271 ueniat.
1751 1219 1844 1270 illa

79 1307 120 1340 15
146 1293 290 1345 enim
334 1293 542 1345 homini
591 1293 832 1346 subiecta
882 1311 995 1346 esse
1037 1293 1217 1360 debet,
1266 1310 1378 1344 non
1416 1292 1579 1345 homo
1619 1293 1713 1345 illi.
1793 1297 1846 1344 et

144 1387 308 1437 supra
353 1368 496 1420 hunc
546 1386 763 1420 sensum
809 1367 898 1420 Ac
953 1367 1109 1419 mihi
1163 1385 1260 1418 res
1316 1385 1445 1419 non
1498 1385 1589 1420 me
1653 1367 1844 1420 rebus

147 1443 537 1513 subiungere
580 1460 790 1495 conor.
929 1442 999 1494 49
1039 1441 1261 1494 fanum
1300 1445 1487 1509 putre
1527 1440 1844 1495 Uacunae.

146 1515 374 1570 Uacuna
420 1518 478 1569 in
527 1515 741 1570 Sabinis
790 1517 912 1585 dea,
961 1535 1096 1585 quae
1148 1516 1246 1568 sub
1294 1516 1501 1568 incerta
1549 1516 1722 1584 specie
1764 1521 1846 1569 est

146 1592 394 1644 formata.
470 1592 611 1644 hanc
653 1592 871 1660 quidam
909 1590 1216 1659 Bellonam7
1264 1590 1354 1642 alii
1393 1590 1713 1659 Mineruam,
1753 1591 1845 1643 alii

78 1680 121 1714 20
144 1664 379 1718 Dianam
418 1667 606 1719 de'czmae‘.

756 1752 1054 1797 EPISTULA
1091 1758 1127 1808 1,
1165 1758 1232 1795 11.

299 1847 327 1897 7
371 1846 592 1898 Gabiis
633 1845 952 1898 desertior
993 1848 1199 1913 atq-ue.
1279 1843 1439 1896 Gabii
1470 1844 1619 1896 uicus
1660 1844 1723 1896 in·
1751 1841 1846 1895 Sa—

148 1922 291 1974 binis
331 1921 481 1973 iuxta
520 1919 844 1972 Lucretilem
885 1922 1147 1986 montem,
1194 1917 1336 1970 unde
1378 1921 1431 1970 et
1473 1936 1624 1986 aquav
1658 1917 1844 1970 Gabia.

302 1996 368 2048 11
409 1994 439 2021 ÷÷
472 1993 503 2021 ᾖ
536 2013 642 2063 quo
684 1993 891 2063 colligit
929 2011 1042 2046 non
1082 1993 1272 2045 debere
1313 2010 1413 2045 nos
1453 1995 1627 2045 totam
1667 1992 1858 2062 odisse·-

82 2080 126 2114 25
150 2071 321 2123 uitam
359 2072 579 2138 propter
610 2067 976 2120 interueniens
1009 2067 1423 2120 incommodum.
1526 2067 1593 2119 12
1627 2085 1692 2118 as
1703 2083 1846 2135 per-

151 2163 254 2197 sus
294 2145 485 2197 uolet.
564 2148 616 2195 et
657 2146 865 2195 uouet.
946 2142 1233 2207 [feliciter]

272 2283 324 2322 16
350 2277 401 2321 Ε.
437 2283 476 2331 1,
513 2281 551 2329 1,
587 2281 641 2319 19

271 2402 292 2439 1
326 2397 490 2440 tenent
523 2395 583 2437 M
710 2399 734 2437 3
769 2394 1038 2448 consuetus,
1072 2394 1289 2449 (panem.
1323 2395 1376 2436 ut
1407 2392 1495 2448 is‚>
1528 2395 1664 2435 cum?
1819 2395 1843 2433 7

150 2469 289 2511 quem
323 2456 386 2498 M
504 2461 528 2499 9
563 2453 602 2497 si
633 2454 798 2497 addidi
918 2452 1154 2509 aquinat&
1187 2453 1248 2494 M
1387 2456 1439 2494 13
1472 2463 1617 2507 usque
1651 2463 1704 2493 eo
1737 2461 1846 2493 nos.-

150 2528 347 2570 usquam
382 2514 445 2557 M
591 2518 646 2556 22
681 2513 832 2569 gabiis
864 2526 994 2556 u1cus
1029 2513 1091 2554 M
1239 2516 1294 2554 26
1326 2510 1457 2554 uou&
1487 2506 1673 2554 uidetur
1704 2509 1846 2552 uaria

152 2575 279 2618 lectio
303 2587 394 2629 pro
426 2573 569 2628 uolet,
601 2572 803 2615 feliciter
844 2572 1082 2615 scribentis
1122 2571 1345 2614 clausula.
1401 2574 1508 2626 post
1546 2568 1748 2612 feliciter
1788 2568 1845 2612 le-

149 2637 326 2690 ymztur
378 2634 432 2676 iot
479 2633 541 2675 M
576 2632 683 2675 haee
734 2645 787 2674 ex
834 2631 1072 2675 Diomedis
1111 2634 1208 2674 arte
1237 2643 1425 2685 yramm.
1469 2630 1533 2684 (p.
1582 2632 1675 2672 485
1715 2626 1844 2682 Keil)

149 2693 307 2737 illata:
338 2692 418 2736 DE
453 2690 712 2736 SATYRA.
776 2689 944 2734 Satura
984 2692 1030 2745 (u
1060 2691 1112 2733 in
1142 2705 1174 2745 y
1206 2702 1320 2732 corr.
1354 2703 1411 2732 m.
1443 2690 1508 2743 2.)
1542 2687 1713 2731 dicitur
1746 2699 1844 2730 car-

151 2766 259 2796 men
298 2752 424 2809 apud
454 2751 689 2795 Romanos
730 2763 852 2793 nunc
891 2749 1080 2806 quidem
1118 2748 1400 2792 maledicum
1431 2749 1479 2791 et
1510 2746 1571 2790 ad
1602 2745 1836 2803 carpenda

150 2811 394 2855 hominum
447 2810 566 2854 uitia
612 2809 839 2854 archaeae
886 2808 1154 2853 comoediae
1200 2807 1469 2851 charactere
1517 2804 1870 2863 compositum,-

153 2871 291 2927 quale
323 2870 610 2927 scripserunt
639 2867 846 2913 Lucilius
879 2870 926 2912 et
956 2867 1180 2912 Horatius
1212 2869 1263 2910 et·
1289 2866 1493 2920 Persius;
1527 2867 1577 2909 at
1608 2863 1730 2909 olim·
1746 2876 1848 2907 car-

152 2943 273 2985 men,
307 2930 432 2986 quod
466 2943 522 2973 ex
551 2927 694 2972 uariis
725 2927 1054 2983 poemathibus
1087 2926 1346 2981 constabat,
1380 2926 1538 2969 satura
1569 2923 1844 2975 uocauatur‚

154 2989 291 3045 quale
323 2989 607 3045 scripserunt
637 2987 869 3032 Pacuuius
901 2987 949 3032 et
979 2985 1171 3030 Ennius.
1235 2986 1442 3029 saturam
1475 2984 1645 3027 autem·
1665 2981 1858 3026 dictam.

154 3047 252 3092 siue
286 3061 313 3091 a
346 3048 527 3103 saturis,
562 3047 687 3103 quod
721 3046 939 3091 similiter
970 3045 1020 3089 in
1052 3046 1140 3089 hoc
1174 3044 1380 3089 carmine
1412 3041 1634 3087 ridiculae
1658 3055 1732 3085 res
1760 3048 1846 3098 pu·-
