1939 3197
545 70 842 114 EPISTULA
873 71 928 127 11,
944 76 1003 130 2,
1039 76 1283 116 iae-175.
1643 72 1748 125 339

72 211 250 277 genta,
288 210 347 258 tu
387 206 693 258 minutatim
733 208 787 257 et
824 224 922 273 pro
965 207 1185 258 arbitrio
1228 209 1338 259 tuo.
1456 207 1558 259 166
1601 209 1749 276 quid
1837 243 1842 249 ·

71 281 270 332 refert
322 300 371 332 u.
418 299 493 333 n.:
551 279 702 348 [quid
742 281 843 344 est]
885 280 1011 348 quid
1051 280 1296 345 interest,
1334 280 1531 348 inquit,
1569 284 1749 333 utrum

71 355 231 422 paulo
271 357 396 405 ante
437 372 507 405 an
546 353 673 404 olim
712 354 1078 405 numeraueris
1128 354 1382 421 pretium,
1429 354 1556 405 dum
1595 355 1748 407 uiuas

70 427 255 480 eodem
293 427 470 496 modo,
509 445 613 494 quo
653 426 741 477 ille
782 427 873 494 qui
914 428 1040 479 olim
1081 428 1410 495 conparauit.
1465 428 1509 479 si
1549 430 1747 497 emptio

68 501 197 553 facit
235 501 527 569 dominum,
566 501 754 568 emisti,
795 500 839 551 si
878 520 1005 553 usus
1030 503 1088 553 tu
1115 502 1240 569 eris3
1281 502 1324 552 si
1348 504 1575 570 tempUS,
1613 502 1748 553 nihil
1772 519 1794 551 5

68 576 126 626 in
170 575 282 627 iure
332 575 517 643 distat,
566 574 693 626 olim
741 592 809 625 an
857 593 1029 642 nuper
1084 593 1315 643 coemaS,
1361 575 1487 626 dum
1539 576 1749 628 emendi

66 651 306 716 potestas
340 649 421 700 sit.
524 648 626 700 168
669 651 945 715 emptum
987 652 1215 699 caenat
1253 648 1304 700 h.
1365 649 1492 699 licet
1517 667 1572 701 se
1595 652 1750 717 putet

15 740 18 741 ⁷
66 722 320 790 inemptis
359 721 632 774 holeribus
673 724 726 773 et
762 722 925 791 lignis
964 740 1242 790 possessor
1279 722 1373 789 uti,
1414 723 1606 790 emptis
1645 724 1746 774 uti-

66 798 155 847 tur
202 799 256 847 et
300 796 497 848 falsum
543 798 701 864 putat
748 813 902 846 suum
949 813 1146 847 uocans
1193 813 1361 863 usque
1409 795 1476 846 ad
1521 797 1748 848 limitem

67 872 292 937 certum,
347 870 499 936 quasi
551 869 836 936 quicquam
892 886 1100 936 semper
1152 872 1399 920 nostrum
1454 869 1545 936 sit,
1606 871 1747 937 quod
1772 885 1814 917 10

66 943 248 994 multis
304 942 535 994 dominis
591 959 955 1010 possessorem
1010 945 1315 994 commutat.
1470 943 1576 995 170
1630 962 1749 1012 qua

65 1017 339 1084 populus
381 1016 604 1067 adsita.
667 1034 834 1083 usque
868 1016 934 1066 ad
968 1034 1085 1067 eam
1115 1019 1339 1084 partem,
1380 1035 1485 1084 qua
1516 1018 1746 1085 populus

65 1090 225 1141 arbor
264 1090 437 1141 adsita
475 1089 530 1141 id
569 1091 650 1141 est
687 1089 878 1141 innata
903 1089 1162 1152 ,limitaris
1201 1090 1508 1141 certaminis
1544 1090 1749 1142 indicat

63 1163 197 1214 fines
238 1166 411 1215 certos
452 1166 506 1214 et
543 1163 844 1215 uicinorum
882 1162 1060 1231 iurgia
1094 1164 1264 1215 uitare
1288 1163 1431 1215 facit.
1494 1163 1567 1215 sic
1591 1163 1745 1216 Uer-

65 1236 287 1305 gilius:
336 1235 551 1305 Usque
600 1236 673 1288 ad
721 1254 944 1304 aquam
992 1240 1053 1288 et
1098 1237 1337 1288 ueteris
1376 1237 1498 1288 iam
1538 1237 1746 1290 fracta
1769 1252 1811 1284 15

65 1311 394 1362 cacumina
440 1310 588 1379 fagi.
674 1313 728 1361 et
774 1312 856 1361 est
902 1310 1031 1362 ordo
1081 1314 1134 1362 et
1188 1329 1399 1362 sensus:
1455 1329 1623 1379 usque
1678 1312 1745 1363 ad

65 1402 185 1435 eum
223 1385 417 1452 locum,
457 1403 561 1453 quo
602 1384 833 1452 populus
874 1384 1050 1436 adsita
1090 1386 1246 1436 certis
1285 1384 1546 1437 limitibus
1570 1385 1745 1454 iurgia

62 1457 241 1509 uicina
286 1457 499 1526 refugit.
654 1458 758 1510 172
806 1461 1042 1525 puncto
1091 1458 1256 1526 quod
1301 1476 1371 1509 m.
1418 1459 1469 1510 h.
1545 1458 1600 1510 id
1640 1462 1742 1510 est:

3 1593 12 1597 -
61 1531 313 1598 perfacile
353 1535 407 1583 et
446 1531 567 1583 cito.
686 1532 789 1583 173
829 1550 996 1583 nunc
1034 1549 1219 1598 prece
1267 1550 1432 1583 nunc
1469 1550 1521 1599 p.
1599 1533 1745 1585 colli-

63 1605 156 1674 git,
189 1608 321 1673 quot
351 1605 523 1656 modis
549 1605 785 1657 dominia
808 1608 1196 1673 permutantur.
1291 1606 1397 1656 174
1435 1606 1500 1656 in
1539 1607 1743 1657 altera
1767 1623 1811 1654 20

61 1678 222 1730 iura:
278 1679 334 1731 in
389 1679 606 1730 alterius
661 1682 1001 1746 potestatem.
1156 1679 1261 1730 175
1310 1679 1361 1730 si
1408 1679 1555 1747 quia
1605 1699 1742 1748 per-

60 1754 288 1819 petuus
338 1756 392 1803 et
438 1755 627 1804 cetera.
703 1752 916 1804 uidetur
962 1753 1259 1804 sententiae
1309 1754 1466 1804 tenor
1504 1753 1611 1804 iam
1651 1753 1743 1805 du-

61 1825 186 1877 dum
223 1825 311 1877 hic
351 1828 465 1877 esse
505 1829 558 1877 et
595 1825 698 1877 hoc
739 1826 1050 1894 significari:
1101 1826 1145 1877 si
1184 1827 1455 1894 emptione
1494 1828 1581 1878 uel
1620 1846 1741 1879 usu-

61 1899 283 1967 capione
324 1900 390 1951 ad
413 1899 710 1968 legitimam
734 1900 1128 1966 possessionem
1151 1901 1437 1967 ueniamus,
1474 1900 1742 1951 neminem

59 1990 174 2024 esse
212 1976 326 2024 tam
364 1990 675 2040 pauperem,
724 1972 815 2040 qui
854 1991 965 2024 non
1004 1973 1107 2025 hoc
1145 1973 1258 2024 iure
1299 1990 1512 2024 omnem
1551 1991 1740 2042 agrum
1765 1989 1808 2022 25

60 2064 215 2097 suum
263 2064 379 2098 esse
426 2046 599 2114 possit
644 2046 871 2097 credere.
972 2047 1016 2098 si
1062 2064 1190 2098 uero
1244 2047 1424 2097 nullus
1478 2049 1739 2115 perpetuo

57 2120 229 2187 possit
275 2120 355 2171 uti
399 2120 559 2171 rebus
607 2119 886 2187 quaesitis,
932 2120 1022 2171 sed
1068 2120 1379 2188 temporalis
1426 2119 1739 2173 uicissitudo

60 2196 301 2245 seruetur
338 2193 480 2245 inter
511 2193 772 2260 homineS,
810 2193 946 2244 nihil
977 2193 1228 2261 prodesse
1260 2193 1392 2245 uicis
1418 2196 1513 2246 aut
1533 2193 1739 2246 horreis

58 2271 152 2318 aut
191 2266 416 2319 saltibus
455 2267 699 2335 plurimis
739 2266 1016 2318 dominum
1055 2267 1169 2319 fieri
1206 2267 1502 2332 hominem,
1544 2268 1588 2319 si
1627 2269 1738 2336 qui-

181 2402 233 2440 15
265 2397 373 2441 Buc.
409 2402 448 2450 9,
483 2402 507 2439 9

0 2515 5 2519 ’
175 2505 199 2543 3
239 2500 552 2543 numeraueris
590 2513 695 2543 9103.ι
725 2501 1040 2543 numerauerit
1072 2501 1135 2543 M
1252 2505 1277 2543 5
1310 2515 1432 2554 usus,
1464 2502 1516 2543 tu
1550 2515 1578 2554 ς
1709 2505 1734 2543 9

0 2587 2 2590 -
54 2555 214 2602 falsisn
249 2559 312 2600 M
430 2564 480 2601 11
517 2558 762 2602 dominiis?
871 2564 924 2601 12
957 2558 1082 2602 adSit
1114 2560 1176 2602 M
1286 2564 1340 2602 13
1374 2559 1655 2615 adporadSit.
1687 2559 1737 2602 id

58 2617 122 2660 M
291 2615 509 2660 limitaris
546 2631 650 2661 nos:
692 2617 914 2660 lemitalis
954 2618 1016 2660 M
1184 2623 1240 2661 14
1284 2618 1418 2661 facit:
1464 2617 1497 2661 f.
1538 2618 1601 2660 M

55 2676 217 2733 uergil.
252 2676 314 2718 M
439 2681 492 2719 15
524 2690 618 2720 iam
648 2676 678 2719 f.
712 2676 768 2720 cf.
803 2679 851 2720 et
881 2676 944 2719 M
1074 2681 1126 2720 17
1160 2691 1254 2733 qua
1285 2677 1348 2720 M
1479 2676 1603 2720 adsit
1633 2689 1671 2719 e.
1703 2676 1733 2719 1.

54 2749 96 2779 u.
129 2749 153 2778 r
182 2735 342 2778 functo
375 2734 438 2777 M
555 2740 609 2779 18
640 2750 700 2779 m.
731 2750 776 2778 11.
808 2735 870 2778 id.
910 2734 1122 2791 perfacili
1153 2736 1216 2779 M
1343 2740 1395 2779 21
1433 2748 1526 2791 qua
1559 2735 1620 2777 M

56 2798 111 2837 23
137 2793 290 2851 Signis.
319 2794 457 2849 (alias
480 2814 537 2830 =
563 2793 812 2850 significat)
840 2794 902 2837 M
1005 2798 1179 2851 emptio
1207 2795 1279 2850 M,
1305 2794 1539 2850 emptione
1570 2795 1735 2849 scripsi

53 2856 95 2896 et
123 2851 365 2896 ueniamus
397 2852 560 2897 addidi
584 2854 687 2908 (am
717 2852 938 2910 usucapio
960 2852 1153 2910 ineam),
1184 2853 1403 2909 usucapio
1429 2888 1439 2898 .
1468 2888 1475 2895 .
1501 2852 1736 2896 neminem

0 2919 10 2972 g,
54 2910 271 3012 ffucere
301 2912 451 3014 polsmt
482 2927 563 3013 ςΜ
622 2916 680 2955 26
711 2912 821 2956 haec
839 2925 955 2967 (nos.-
984 2915 1236 2969 perpetuus
1267 2913 1419 2969 poseit
1445 2911 1567 2955 unde
1596 2911 1734 2956 rebus

0 2983 38 3197 ἱ
235 2975 289 3014 29
321 2985 352 3026 p
376 2984 467 3014 uris

14 3052 21 3059 ‘⁷
1285 3045 1378 3088 22ss
