1939 3197
658 56 777 101 ODE
810 57 888 113 IV,
922 63 950 102 4
982 61 1030 103 et
1062 64 1102 105 5.
1624 65 1726 117 129

38 189 129 240 dit
169 189 408 242 occidit
447 209 589 259 spes
630 194 835 245 omnis
877 196 937 246 et
975 195 1240 248 fortuna
1279 199 1489 250 nostri
1528 201 1727 253 nomi-

34 263 134 316 nis
190 265 302 330 [ab]
350 264 754 318 Hasdrubale
801 269 1210 338 interempto.
1301 271 1434 324 haec
1485 292 1542 325 re
1599 293 1726 327 uera

33 337 340 406 frequenter
378 338 571 391 dixisse
612 340 804 392 dicitur
843 340 1131 413 Hannibal,
1171 362 1290 396 cum
1333 349 1495 414 caput
1539 347 1723 401 fratris

34 411 114 462 sui
152 411 509 464 Hasdrubalis
550 414 797 482 uidisset,
843 417 984 484 quod
1024 416 1169 471 Nero
1221 419 1283 470 de
1323 419 1594 473 industria
1633 421 1721 473 ad-

29 484 199 536 latum
248 504 310 537 ex
350 485 522 538 Gallia
569 491 694 540 ante
744 493 922 542 castra
962 492 1073 544 eius
1112 493 1249 545 nihil
1289 493 1462 546 adhuc
1503 496 1717 548 scientis
1765 513 1785 546 5

31 558 95 610 de
133 558 234 611 hac
274 561 432 612 caede
470 561 640 628 proici
679 563 923 616 iusserat.
1080 568 1147 619 73
1194 567 1359 619 nihil
1402 566 1719 622 Claudiae

29 650 155 684 non
204 634 554 701 perficient
607 655 842 689 manus
942 639 1074 691 haec
1129 641 1237 692 iam
1298 646 1492 709 poetae
1555 645 1721 696 uerba

29 710 169 775 sunt,
206 726 318 759 non
358 710 499 761 enim
540 710 712 763 adhuc
750 710 1088 765 Hannibalis.
1181 715 1249 767 75
1290 719 1353 766 et
1393 735 1581 769 curae
1623 737 1718 769 sa—

28 797 215 849 gaces
257 783 604 850 expediunt
641 803 752 852 per
791 789 978 837 acuta
1025 787 1200 840 belli.
1279 794 1434 841 acuta
1473 791 1590 843 bella·
1628 792 1718 843 ab-

27 853 197 906 solute
239 855 488 908 dicuntur
528 875 603 927 ea,
645 877 780 927 quae
822 863 947 912 sunt
982 861 1038 912 in
1071 861 1212 916 bello
1245 864 1715 932 periculosissima.
1744 883 1787 915 ιο

731 1018 848 1062 ODE
883 1026 923 1075 4,
959 1026 1001 1066 5.

169 1105 353 1159 Diuis
418 1112 552 1161 orte
614 1110 815 1172 bonis,
914 1111 1045 1164 haec
1101 1108 1218 1185 ᾠδὴ
1277 1115 1342 1167 ad
1396 1116 1708 1185 Augustum

23 1180 220 1248 scripta
246 1186 326 1233 est
351 1183 549 1235 diutius
572 1185 631 1235 m
657 1186 1033 1238 transmarinis
1065 1189 1359 1255 prouinciis
1392 1194 1716 1260 morantem,

21 1254 206 1322 populi
261 1273 321 1307 ac
376 1260 592 1308 senatus
645 1259 1006 1327 legationibus
1062 1262 1239 1314 missis
1293 1264 1524 1316 reditum
1587 1265 1701 1317 eius

18 1332 309 1395 precatum.
411 1331 442 1382 6
475 1331 687 1383 instar
725 1334 896 1385 ueris
939 1335 1108 1386 enim
1147 1337 1369 1389 uultus
1412 1338 1522 1390 ubi
1560 1341 1709 1391 tuus
1735 1356 1777 1389 15

18 1401 289 1454 adfulsit
378 1403 479 1456 hoc
540 1409 643 1457 est:
690 1408 996 1474 praesentia
1044 1412 1137 1461 tua
1188 1411 1254 1462 ad
1293 1412 1471 1463 instar
1510 1430 1709 1465 uernae

15 1476 219 1544 gratiae
268 1477 634 1530 exhilarantur
680 1481 873 1532 omnia.
990 1483 1021 1534 9
1069 1488 1139 1535 ut
1174 1489 1371 1537 mater
1412 1528 1422 1538 .
1465 1528 1475 1538 .
1515 1491 1708 1539 uocat.

14 1551 134 1602 ordo
174 1555 271 1603 est:
310 1554 370 1602 ut
409 1555 579 1604 mater
617 1554 866 1606 iuuenem
901 1559 1245 1610 cunctantem
1279 1560 1456 1628 spatio
1491 1560 1707 1630 longius

13 1641 193 1676 annuo
219 1626 360 1677 uotis
387 1627 654 1679 ominibus
680 1631 733 1680 et
762 1630 1008 1696 precibus
1049 1636 1224 1685 uocat.
1286 1637 1707 1687 cunctantem

13 1700 191 1749 autem
246 1699 612 1753 demorantem
668 1702 954 1772 significat,
1009 1708 1070 1757 ut
1124 1707 1265 1775 apud
1313 1706 1774 1778 Uergiliumz2o

11 1769 322 1841 Reginam
360 1774 644 1828 thalamo
687 1781 1095 1831 cunctantem
1137 1781 1211 1832 ad
1250 1782 1484 1835 limina
1516 1784 1707 1851 primi

10 1843 367 1899 Poenorum
408 1853 799 1917 exspectant.
956 1853 1022 1905 15
1063 1855 1152 1906 sic
1193 1855 1536 1908 desideriis
1576 1858 1706 1909 icta

9 1918 319 1973 fidelibus
369 1924 622 1990 quaerit
672 1926 887 1993 patria
937 1925 1290 1981 Caesarem.
1368 1931 1501 1982 icta
1539 1931 1703 1998 parti-

10 1993 270 2060 cipialiter
310 1995 502 2048 dicitur
541 2000 594 2048 et
633 1999 901 2067 significat
942 1999 1248 2068 ‘percussa'.
1384 2004 1449 2056 18
1492 2005 1705 2056 nutrit

6 2085 154 2119 rura
225 2067 413 2120 Ceres
491 2071 780 2140 almaque
856 2073 1209 2128 Faustitas.
1326 2076 1698 2130 adnotandum
1724 2102 1767 2135 25

5 2158 204 2194 nomen
237 2142 547 2195 ‘Faustitas'
582 2145 656 2196 sic
689 2146 890 2198 dictum
924 2149 1078 2216 quasi
1109 2149 1340 2203 felicitas
1376 2154 1470 2203 aut
1509 2152 1694 2204 iucun-

6 2214 159 2267 ditas.
302 2217 374 2268 22
414 2236 544 2270 mos
586 2222 646 2270 et
683 2220 783 2271 lex
822 2223 1215 2276 maculosum
1256 2225 1542 2278 edomuit
1593 2245 1692 2278 ne-

3 2289 114 2341 fas,
208 2291 480 2358 eleganter
534 2293 746 2345 uidetur
801 2313 917 2346 eam
964 2296 1138 2366 legem
1189 2299 1496 2368 significare
1540 2319 1700 2369 quam

3 2375 82 2418 DE
114 2376 483 2422 ADULTERHS
517 2378 941 2426 COHERCENDIS
984 2373 1204 2424 sancxit.
1326 2374 1399 2426 24
1451 2376 1697 2443 culpam

126 2500 179 2537 21
213 2497 326 2539 Aen.
360 2502 400 2551 4,
438 2502 519 2540 133

122 2619 147 2657 3
181 2615 325 2658 dixise
358 2619 398 2658 et
427 2615 562 2660 fratri
596 2618 659 2660 M
761 2626 785 2663 6
818 2622 994 2664 luserat
1027 2622 1090 2664 M
1194 2626 1219 2666 8
1252 2622 1542 2668 hann1ab1hs
1577 2625 1640 2667 M

6 2677 56 2716 13
91 2673 264 2717 scribta
297 2675 359 2717 M
478 2680 532 2718 14
562 2677 738 2721 reditus
773 2679 835 2721 M
954 2685 1007 2724 19
1044 2694 1162 2724 anno
1198 2682 1261 2724 M
1380 2684 1599 2727 omnlbus
1634 2684 1697 2726 M

120 2738 174 2778 26
207 2733 425 2776 sellicitas
460 2734 522 2776 M
648 2741 701 2780 29
735 2737 958 2782 adulteris
994 2740 1056 2783 M
1085 2740 1310 2784 adulteris
1343 2743 1482 2785 etiam
1517 2743 1687 2799 Pauly.

0 2793 201 2847 equidem
240 2793 454 2836 contendo
494 2793 580 2849 leyi
622 2795 775 2839 Iuliae
813 2811 906 2840 non
944 2798 1024 2841 DE
1067 2799 1459 2855 ADULTERIIS,
1500 2803 1578 2845 sed
1608 2801 1688 2845 DE

0 2851 364 2896 *ADULTERHS
397 2850 821 2899 COHERCENDIS
861 2858 1136 2914 inscriptum
1167 2872 1268 2903 esse.
1302 2859 1359 2913 cf.
1397 2859 1605 2905 Probum
1636 2861 1686 2905 L.

0 2911 32 3010 'L
65 2911 118 2955 D.
151 2913 203 2954 A.
240 2909 286 2955 C.
322 2932 376 2948 =
408 2910 484 2954 lex
514 2910 634 2956 Iulia
664 2913 720 2958 de
753 2914 995 2960 adulteriis
1028 2917 1327 2962 cohercendis
1360 2917 1441 2963 Gr.
1476 2919 1586 2963 Lat.
1621 2921 1687 2963 ed.

3 2969 107 3014 Keil
138 2971 244 3013 III
263 2985 314 3026 Ρ.
347 2974 446 3016 272
479 2974 519 3013 et
550 2974 648 3017 322
681 2977 722 3016 et
753 2977 853 3019 344.
923 2989 1068 3032 porro
1099 2977 1211 3020 Inst.
1244 2977 1277 3020 Ι.
1312 2982 1352 3033 4,
1389 2983 1457 3035 18,
1491 2985 1532 3022 4.
1580 2979 1686 3035 Dig.

1305 3056 1329 3094 9

85 3058 359 3093 PoRPn-mx'on.
