1939 3197
121 99 192 152 90
746 98 867 143 ODE
899 99 977 155 111,
1012 104 1036 143 6
1071 99 1119 143 et
1151 103 1189 142 τ.

121 237 402 289 arbitrium
435 255 618 289 earum
652 237 1016 305 operarentur.
1149 234 1220 287 43
1262 235 1527 287 amicum
1567 237 1815 304 tempus

121 328 317 381 agens
381 329 449 363 a.:
511 309 885 362 laborantibus
942 309 1144 362 scilicet
1200 309 1405 376 [etiam]
1465 308 1694 361 amicum
1744 310 1813 362 ob

121 385 504 453 capessendam
568 384 814 452 quietem.
966 383 1039 436 45
1103 383 1407 436 damnosa
1477 383 1626 452 quid
1686 401 1815 436 non

119 460 428 511 inminuit
468 459 615 510 dies
692 458 795 511 hoc
835 458 954 510 ideo
997 458 1211 526 dicitur,
1267 458 1523 526 quoniam
1561 458 1815 510 uidentur

77 550 98 583 5
123 534 304 586 omnia
341 551 436 602 per
475 550 785 602 processum
822 535 1126 601 temporum
1166 533 1224 584 in
1265 532 1496 584 deterius
1536 531 1659 583 labi.

121 609 193 660 46
250 611 427 660 aetas
490 610 828 676 parentum
882 607 1061 675 peior
1118 607 1255 659 auis
1321 606 1476 658 tulit
1540 623 1655 658 nos
1709 623 1814 658 ne-

123 683 378 750 quiores
441 700 580 734 mox
643 682 907 734 daturos
963 682 1339 750 progeniem
1394 679 1815 733 uitiosiorem.

126 753 462 826 [damnosam
501 753 633 826 rem]
676 756 811 807 mira
849 755 1110 808 facilitate
1152 759 1204 807 et
1238 755 1504 807 breuitate
1548 756 1818 820 [successu

122 833 427 899 temporum
475 830 707 882 deterius
754 830 878 882 labi.
912 833 1026 882 xaet.
1067 849 1117 899 p.
1157 831 1230 899 p.]
1312 847 1586 883 successus
1636 832 1690 881 et
1738 847 1819 882 or-

56 922 101 955 10
124 904 304 957 dinem
343 905 682 957 nascentium
723 905 991 973 explicuit.

842 1065 962 1109 ODE
997 1071 1038 1122 3,
1074 1071 1111 1110 7.

273 1156 360 1208 Ad
393 1157 658 1211 Asterien.
739 1157 887 1227 quid
942 1157 1064 1209 fles
1120 1157 1382 1209 Asteria
1423 1156 1484 1210 G.
1560 1157 1662 1208 hac
1702 1151 1820 1229 ᾠδῇ

126 1232 437 1284 consolatur
475 1234 709 1300 puellam
750 1232 1010 1284 desiderio
1060 1232 1303 1301 coniugis
1345 1232 1428 1284 sui
1467 1234 1729 1283 maestam
1769 1235 1824 1284 et

127 1305 285 1357 simul
335 1310 542 1376 monet,
596 1325 663 1359 ne
716 1306 939 1358 alicuius
991 1305 1350 1358 adulescentis
1401 1305 1679 1357 blanditiis
1728 1308 1821 1357 aut

60 1395 103 1428 15
127 1380 303 1448 specie
341 1380 460 1449 ipsa
501 1381 758 1449 capiatur.
837 1383 890 1432 et
930 1382 1012 1432 est
1052 1380 1203 1433 ordo:
1260 1380 1390 1449 quuid
1429 1380 1547 1449 fles,
1593 1378 1824 1448 Asteria,

127 1452 319 1524 Gygen
360 1473 517 1523 quem
556 1457 656 1508 tibi
695 1454 982 1507 restituent
1006 1453 1235 1507 Fauonii
1268 1455 1442 1523 primo
1476 1472 1601 1507 uere
1627 1453 1822 1523 Thyna

126 1546 300 1580 merce
324 1529 557 1583 beatum.
688 1530 720 1582 3
763 1529 984 1596 Thyna
1025 1546 1226 1580 merce
1266 1529 1535 1581 beatum.
1597 1527 1823 1596 Bithyni

125 1602 295 1654 iuncti
336 1607 463 1655 sunt
503 1603 724 1673 Thynis,
805 1606 1032 1671 utraque
1081 1606 1260 1655 autem
1309 1621 1441 1672 gens
1480 1602 1657 1655 Ponto
1698 1620 1823 1654 con-

126 1676 250 1729 finis
291 1680 387 1729 est.
502 1678 535 1730 5
575 1679 685 1731 1116
726 1675 914 1730 Notis
956 1679 1138 1730 actus
1181 1677 1254 1729 ad
1288 1676 1555 1729 Oricum.
1632 1675 1824 1729 Notis

61 1767 105 1799 20
128 1769 226 1818 pro
269 1752 598 1820 quibuslibet
635 1753 812 1805 uentis
855 1752 1056 1804 dictum
1097 1755 1192 1803 est.
1323 1752 1355 1803 6
1410 1754 1557 1820 post
1595 1750 1827 1803 insana

131 1842 357 1893 caprae
412 1827 636 1879 sidera
713 1826 931 1878 Haedos
971 1826 1185 1878 uidetur
1226 1825 1549 1895 significare,
1599 1843 1827 1894 quorum

131 1902 280 1951 oitus
344 1904 398 1952 et
460 1919 679 1953 occasus
743 1900 1017 1954 concitant
1070 1902 1434 1969 tempestates.
1524 1899 1719 1952 horum
1775 1902 1828 1951 et

130 1971 467 2043 Uergilius
535 1975 780 2028 meminit
850 1975 1030 2027 dicens
1102 1973 1392 2035 Quantus
1455 1974 1529 2025 ab
1594 1991 1827 2025 occasu

131 2048 399 2100 ueniens
461 2049 862 2117 pluuialibus
925 2048 1164 2101 Haedis
1226 2047 1552 2100 Uerberat
1627 2047 1828 2099 imber

65 2134 108 2166 25
131 2121 400 2174 humum.
517 2124 548 2176 6
588 2123 862 2194 frigidas
904 2123 1103 2192 duplici
1143 2123 1301 2174 modo
1329 2122 1506 2190 accipe
1534 2124 1586 2173 et
1609 2124 1830 2190 propter

133 2195 379 2265 hiemem,
419 2215 524 2265 qua
563 2215 784 2268 peregre
823 2198 1100 2265 retinetur,
1141 2200 1193 2248 et
1223 2200 1444 2265 propter
1469 2195 1829 2249 solitudinem.

285 2270 316 2321 9
374 2272 551 2339 atqui
607 2272 932 2324 sollicitae
987 2271 1254 2323 nuntius
1309 2271 1621 2338 hospitae.
1700 2269 1830 2321 dicit

135 2333 328 2427 Gygen
390 2344 456 2396 ab
511 2345 730 2414 hospita
785 2344 952 2398 Chloe
1009 2345 1176 2397 amari
1232 2348 1285 2396 et
1339 2345 1404 2396 ab
1462 2363 1523 2396 ea
1576 2343 1829 2395 nuntium

137 2417 334 2470 amoris
368 2418 435 2469 ad
461 2436 582 2471 eum
623 2420 779 2471 mitti
900 2420 967 2471 10
1008 2422 1068 2471 et
1106 2418 1400 2470 miseram
1439 2418 1568 2470 tuis
1610 2417 1829 2469 dicens

257 2583 312 2622 23
345 2579 460 2623 Aen.
496 2583 534 2635 9,
571 2584 669 2623 668.

260 2745 285 2783 2
320 2740 462 2784 etiam
495 2741 640 2784 deleuz'
762 2747 787 2784 3
822 2743 1031 2796 quietam
1067 2743 1125 2784 M
1255 2746 1282 2783 4
1313 2742 1439 2784 idem
1473 2741 1536 2784 M
1669 2744 1695 2783 5
1726 2752 1832 2795 pro-

142 2812 268 2842 cessu
303 2799 366 2841 M
517 2805 542 2844 6
582 2814 736 2856 perior
776 2800 839 2842 M
902 2809 903 2812 ’
990 2806 1012 2844 7
1062 2801 1242 2857 prolem
1273 2802 1490 2844 uitiorem
1523 2799 1586 2842 M
1733 2803 1758 2842 8
1791 2802 1835 2842 et

62 2874 68 2876 -
140 2862 165 2900 9
197 2859 339 2902 uerba
363 2858 678 2916 dittoqraphia
701 2859 836 2902 illata
860 2860 1007 2903 ἀεῖραι·
1131 2865 1182 2903 13
1215 2862 1412 2904 mestam
1445 2859 1508 2902 M
1627 2862 1682 2900 14
1714 2857 1830 2900 alte-

138 2915 233 2958 rius
263 2918 373 2960 Aer.
500 2922 554 2962 15
587 2919 763 2974 spetiae
794 2931 896 2973 ipsa
929 2919 992 2961 M
1111 2924 1163 2962 16
1197 2933 1337 2975 gigen
1371 2919 1433 2961 M
1553 2922 1606 2960 16
1652 2916 1837 2972 thynna

57 2976 61 2977 ⁷
140 2974 210 3017 bis
243 2975 305 3017 M
425 2982 479 3020 17
512 2977 684 3021 bithini
718 2977 781 3020 M
902 2982 954 3021 19
998 2991 1186 3033 orycum
1220 2978 1283 3020 M
1401 2982 1457 3021 20
1488 2987 1678 3020 insanae
1712 2975 1775 3018 M

141 3036 195 3075 21
234 3033 372 3077 aedos
407 3035 470 3077 M
588 3041 644 3079 24
677 3036 804 3079 aedis
838 3036 900 3078 M
1019 3041 1073 3080 26
1106 3037 1291 3080 hiemen
1324 3036 1386 3079 M
1513 3040 1567 3079 28
1600 3048 1741 3091 gigen
1773 3033 1837 3076 M
