1939 3197
130 547 151 578 5

104 916 147 951 10

102 1291 145 1323 15

102 1663 146 1694 20

98 2033 141 2065 25

175 97 282 150 248
720 97 921 143 SERMO
953 99 1011 154 Π,
1044 104 1085 155 2,
1116 103 1307 143 48-66,

177 252 409 287 mensa.
489 233 771 286 Gallonius
824 234 913 286 hic
973 236 1054 286 est
1109 234 1200 303 qui
1253 234 1458 302 primus
1511 234 1880 304 acipenserem

177 309 421 361 conuiuis
464 308 729 377 adposuit.
842 308 912 360 48
960 307 1224 360 infamis
1273 309 1423 378 quid
1469 311 1615 361 tum.
1699 309 1879 380 figura

175 386 308 435 nota
372 382 513 450 apud
573 381 862 434 Horatium
924 382 1243 435 transeundi
1298 383 1365 434 ad
1421 383 1582 435 aliam
1635 401 1750 435 rem
1795 385 1875 437 ita

174 460 359 509 tamen
398 460 459 508 ut
497 457 846 526 intellegatur
886 456 952 508 ab
988 456 1294 525 acipensere
1333 458 1557 510 transire
1596 457 1663 509 ad
1692 457 1879 510 rhom-

176 531 320 582 bum.
396 534 487 582 ut:
545 529 902 583 Caecubum
957 533 1017 582 et
1055 531 1233 598 prelo
1290 531 1595 584 domitam
1634 530 1880 585 Caleno<

172 609 305 657 tum
344 605 526 657 bibes
566 623 766 656 uuam.
830 622 965 656 mea
1003 623 1117 657 nec
1155 604 1467 658 Falernae
1507 608 1880 674 temperantv

172 680 357 731 uites,
495 678 567 731 50
645 679 844 731 donec
906 697 1018 731 uos
1080 679 1292 731 uictor
1355 679 1587 732 docuit.
1661 678 1874 733 Plotius-

170 752 407 805 Plancus
447 753 764 822 praetorius
841 753 1074 806 uictor:
1114 753 1315 823 legitur
1355 756 1408 805 et
1448 756 1684 806 auctor.
1798 753 1872 806 50

172 829 358 880 dowec
395 845 718 897 uos..ergo
761 827 811 879 si
838 827 978 896 quis
1010 845 1171 880 nunc
1193 845 1443 897 mergos
1486 827 1702 879 suauis
1743 827 1877 880 edi-

171 903 337 954 xerit
377 921 574 955 assos.
651 901 824 953 Rufus
864 902 1166 970 praetorius
1200 902 1498 954 instituisse
1522 901 1768 969 traditur,
1807 905 1870 954 ut

172 977 501 1029 ciconiarum
539 976 675 1045 pulli
714 975 1184 1028 manducarentur.
1260 977 1412 1045 isque
1453 993 1574 1028 cum
1598 976 1871 1045 repulsam

171 1054 456 1119 praeturae
496 1050 725 1118 tulisset,
763 1050 872 1102 tale
911 1052 1244 1119 epigramma
1283 1051 1500 1102 meruit:

320 1123 734 1177 Ciconiarum
773 1122 977 1175 Rufus
1017 1124 1142 1176 iste
1183 1124 1502 1193 conditor,

319 1198 438 1251 Hic
478 1217 505 1250 e
547 1198 790 1250 duobus
832 1198 1197 1267 elegantior
1234 1198 1496 1251 Plancis

323 1272 803 1342 Suffragiorum
842 1276 1080 1341 puncta
1117 1291 1242 1325 non
1280 1272 1438 1325 tulit
1477 1275 1734 1341 septem.

320 1346 726 1400 Ciconiarum
766 1348 1048 1415 populus
1088 1348 1264 1399 ultus
1307 1349 1402 1399 est
1439 1350 1719 1399 mortem.

169 1422 240 1474 53
314 1420 618 1475 Sordidus
691 1439 722 1472 a
790 1423 982 1474 tenui.
1083 1422 1140 1473 in
1195 1421 1438 1474 sordidos
1492 1421 1682 1490 incipit
1733 1421 1875 1474 haec·

169 1497 369 1566 ecloga.
486 1495 557 1548 55
620 1494 992 1548 Auidienus.
1083 1496 1172 1548 hic
1231 1496 1460 1549 nimium
1520 1513 1714 1565 parcus
1777 1495 1879 1547 sed.

176 1569 326 1622 diues
366 1570 482 1622 fuit.
562 1573 614 1622 et
655 1573 737 1622 est
779 1588 992 1623 sensus:
1021 1613 1031 1622 .
1058 1613 1068 1621 .
1096 1572 1260 1636 [uano
1284 1569 1565 1622 luxuriam.
1613 1587 1676 1621 ex
1701 1570 1873 1622 altera

173 1644 459 1696 auaritiam
499 1645 800 1710 inminere].
917 1646 988 1697 60
1042 1645 1154 1696 ille
1200 1644 1466 1713 repotia.
1543 1644 1753 1712 repotia
1792 1643 1872 1695 di-

167 1718 388 1771 cebatur
428 1719 539 1770 dies
578 1721 706 1787 post
743 1719 978 1786 nuptias.
1095 1720 1164 1771 62
1226 1737 1352 1770 non
1402 1736 1631 1786 parcus
1688 1718 1872 1770 aceti.

165 1789 314 1862 παρὰ
352 1793 710 1862 προσδοκίαν.
827 1793 898 1844 64
924 1835 933 1845 .
961 1834 971 1844 .
1013 1793 1117 1845 hac
1157 1793 1304 1845 canis
1346 1793 1519 1861 aiunt,
1568 1792 1670 1845 hac
1707 1793 1867 1859 lupus

166 1870 373 1936 urguet.
453 1885 548 1935 per
601 1868 787 1935 lupum
836 1870 889 1918 et
928 1885 1116 1919 canem
1157 1867 1426 1936 significat
1465 1885 1528 1918 ex
1567 1884 1676 1917 una
1713 1868 1868 1933 parte

167 1941 434 1993 luxuriam
468 1960 530 1993 ex
564 1942 736 1993 altera
768 1941 1053 1993 auaritiam
1085 1941 1363 1993 inminere.
1470 1940 1541 1993 65
1583 1958 1702 2008 qua
1739 1958 1870 1992 non

168 2014 464 2068 offendat
520 2015 831 2067 sordibus.
911 2033 1123 2068 sensus:
1178 2016 1293 2067 uita
1337 2015 1500 2068 beata
1547 2014 1669 2083 erit,
1730 2031 1866 2082 quae

167 2089 349 2142 sordes
391 2090 688 2142 excesserit.
805 2090 875 2142 66
915 2090 980 2141 in
1029 2093 1318 2143 neutram
1366 2092 1615 2158 partem
1655 2088 1869 2141 cultus-

285 2210 310 2250 5
345 2206 416 2250 od.
454 2212 492 2261 1,
527 2212 598 2262 20,
631 2212 656 2251 9
787 2211 839 2250 13
874 2207 931 2251 cf.
965 2206 1122 2251 Catull
1155 2208 1225 2252 ed.
1259 2207 1310 2250 L.
1342 2206 1512 2250 Mfiller
1542 2221 1586 2262 p.
1621 2210 1678 2250 94

288 2314 309 2351 1
345 2309 545 2364 gallonis
579 2310 643 2353 M
747 2324 980 2366 acclpiens
1013 2312 1085 2354 est
1116 2324 1325 2355 conuluis
1359 2311 1422 2353 M
1524 2315 1550 2354 3
1582 2307 1872 2353 transeundo

169 2368 232 2410 M
337 2374 364 2410 4
397 2381 672 2424 accipiense.
712 2370 1039 2414 readrombum
1073 2370 1145 2425 M,
1178 2370 1373 2414 transire
1406 2370 1571 2414 addidi
1677 2373 1703 2412 5
1735 2380 1866 2411 cecu-

168 2427 293 2471 bum.
388 2428 425 2470 ἃ
454 2428 614 2483 proclo
655 2429 845 2473 domita.
910 2429 1071 2473 caleno
1109 2431 1161 2472 tu
1211 2430 1290 2483 M,
1345 2430 1448 2472 tum
1471 2441 1575 2481 nos,
1629 2428 1749 2483 quod
1796 2439 1865 2479 ea,

166 2500 282 2541 quae
324 2486 495 2542 Porph.
552 2489 605 2531 de
650 2489 806 2543 ftyura
853 2489 904 2531 in
943 2489 1222 2532 transeundo
1269 2489 1404 2541 dicit,
1452 2489 1513 2532 ad
1558 2488 1677 2530 hanc
1712 2485 1863 2541 parti-

165 2546 317 2589 culam
347 2546 578 2600 pertinere
615 2548 834 2590 uidentur
927 2553 952 2591 6
984 2547 1306 2591 eanecfalerno
1348 2522 1411 2590 M
1523 2551 1546 2590 7
1587 2546 1768 2603 plocius
1801 2543 1867 2587 M

285 2610 336 2648 11
372 2604 512 2660 idque
547 2605 609 2648 M
636 2605 828 2661 itaque?
932 2612 983 2649 12
1016 2608 1263 2675 praeturae
1296 2620 1401 2650 nos:
1439 2608 1678 2662 preturam
1712 2604 1776 2647 M

162 2663 248 2706 tali
284 2664 346 2706 M
437 2669 492 2706 14
524 2664 600 2707 hic
634 2679 658 2708 e
688 2679 770 2708 nos
803 2679 904 2709 cum
930 2667 992 2709 M
1019 2667 1108 2718 (ita
1137 2670 1190 2709 ut
1220 2667 1261 2710 ei
1282 2665 1463 2710 Plotius
1493 2665 1693 2708 Plancus
1716 2662 1863 2706 Rufus

162 2736 323 2766 nomen
353 2723 538 2778 fuerit}-
580 2723 656 2767 hic
688 2726 760 2768 est
791 2741 819 2780 ς
931 2730 983 2769 17
1030 2726 1138 2768 haec
1179 2739 1273 2769 mm
1310 2726 1529 2769 uidentur
1563 2724 1743 2780 Pphm's
1773 2734 1863 2766 esse

285 2788 339 2826 18
374 2783 542 2840 egloga
575 2783 639 2826 M
751 2788 805 2828 19
853 2785 961 2828 haec
999 2785 1142 2828 uerba
1184 2798 1238 2828 ex
1279 2786 1368 2828 sch.
1401 2799 1445 2828 u.
1479 2787 1539 2828 64
1577 2783 1712 2827 illata
1748 2781 1862 2824 mihi

161 2841 382 2885 uidentur
413 2846 546 2898 atque
574 2842 775 2886 scholion
806 2857 851 2887 u.
886 2847 945 2888 55
977 2844 1194 2888 excidisse
1287 2850 1343 2888 20
1374 2845 1580 2900 report1a
1612 2842 1674 2885 M
1703 2841 1771 2886 bis

162 2905 215 2943 21
263 2914 431 2957 parcus
477 2915 570 2945 non
626 2902 689 2944 M
814 2908 869 2946 22
918 2904 1076 2947 lemma
1136 2908 1177 2947 et
1236 2901 1594 2960 prouerbialiter
1646 2899 1860 2945 addenda

160 2959 380 3061 ffidenlgur
472 2973 526 3003 ac
557 2960 695 3017 lupus
730 2962 790 3004 M
912 2967 967 3005 24
1014 2963 1163 3006 altera
1198 2975 1281 3006 nos
1312 2975 1367 3006 ex
1397 2958 1862 3018 superioribus:111a

256 3031 284 3061 a
322 3032 350 3062 a
382 3034 410 3074 ς
