1939 3197
677 89 797 133 om:
830 89 863 144 1,
899 94 952 134 10
985 90 1033 133 et
1066 93 1134 132 11.
1689 88 1757 141 15

80 225 235 278 randi
273 228 527 294 repertor,
566 224 692 293 quia
723 224 912 291 oratio,
951 224 1100 276 cuius
1131 224 1384 275 inuentor
1414 226 1510 291 est,
1549 223 1755 277 animos

76 298 413 351 audientium
435 298 589 350 fallit.
633 298 698 351 11
732 297 965 349 uiduus
997 297 1303 366 pharetra
1334 297 1485 349 risit
1507 296 1756 365 Apollo,

74 373 212 425 belle
266 372 496 424 uiduus
550 371 855 440 pharetra
903 389 1001 439 pro
1058 371 1334 423 ‘uiduatus
1385 371 1659 439 pharetra’
1702 370 1758 423 id

71 448 155 498 est
191 446 450 514 priuatus.
567 446 636 497 14
673 445 794 497 Ilio
836 444 1014 496 diues
1053 444 1344 496 Priamus
1383 444 1628 496 relicto.
1667 444 1757 496 di-

73 537 181 571 ues
220 518 523 571 Priamus.
602 521 864 588 oportune
905 516 1165 570 ἐπίθετον
1202 536 1347 570 nunc
1386 518 1594 586 dicitur,
1633 519 1758 586 quia
1781 530 1802 563 5

72 595 285 644 tantum
327 593 529 645 scilicet
567 592 683 644 auri
720 592 985 660 habuerit,
1024 592 1166 659 quod
1197 593 1292 644 filii
1324 610 1516 661 corpus
1548 592 1757 644 exemit.

71 665 336 718 Mercurio
377 669 557 718 autem
597 666 728 718 duce
769 666 962 717 dicitur
1001 666 1068 717 ad
1106 665 1355 717 Achillen
1394 666 1628 732 uenisse,
1668 666 1759 733 qui

72 739 380 791 custodibus
422 758 668 792 somnum
707 739 875 807 misit,
914 740 1001 791 uel
1041 740 1182 807 quod
1222 758 1412 790 aurum
1452 739 1550 791 sub
1589 739 1758 790 tutela

73 813 145 865 sit
181 812 444 865 Mercurii.
563 813 630 866 15
670 812 1014 865 Thessalos
1053 814 1259 882 ignes,
1313 831 1434 864 cum
1471 813 1539 864 ad
1577 812 1758 864 Achil-

73 887 163 938 len
216 887 367 939 uenit
418 890 638 956 propter
675 886 925 939 Hectoris
981 905 1173 955 corpus
1227 887 1610 938 redimendum.
1783 900 1825 932 10

76 960 144 1012 15
198 960 422 1030 iniqua
476 961 705 1013 Troiae
758 979 856 1029 pro
905 979 967 1012 eo
1020 961 1161 1030 quod
1201 963 1284 1013 est
1323 960 1611 1012 ‘inimica'.
1690 960 1756 1012 17

71 1033 270 1086 laetis
327 1034 610 1087 sedibus:
666 1034 866 1104 Elysiis
922 1035 1139 1103 campis,
1295 1035 1360 1087 18
1417 1052 1574 1087 coer.
1626 1036 1759 1086 tur-

73 1107 217 1160 bam
256 1109 481 1177 leuem‚
520 1109 830 1160 umbrarum
863 1109 1078 1160 scilicet.
1149 1126 1339 1160 aurea
1376 1108 1563 1177 uirga
1593 1108 1648 1159 id
1679 1111 1760 1160 est

68 1182 315 1235 caduceo.

767 1268 887 1312 ODE
923 1274 961 1323 1,
998 1274 1064 1311 11.
1784 1278 1826 1311 15

221 1358 310 1410 Tu
359 1377 434 1410 ne
484 1359 843 1428 quaesieris
885 1360 1240 1425 [leuconoen].
1309 1357 1630 1411 Leuconoen
1670 1358 1758 1410 ad-

77 1432 329 1500 loquitur,
368 1450 504 1501 quae
546 1433 773 1485 sollicita
812 1433 875 1484 de
914 1434 1029 1484 uita
1063 1452 1161 1484 sua
1192 1432 1601 1485 mathematicos
1635 1449 1758 1484 con-

72 1505 302 1572 sulebat-3
358 1506 547 1558 suadet
600 1509 779 1557 autem
825 1507 1026 1558 omissa
1072 1524 1197 1558 cura
1241 1506 1546 1559 futurorum
1592 1523 1760 1557 unum

73 1597 334 1648 quemque
361 1579 501 1632 diem
525 1580 588 1632 de
620 1581 768 1632 lucro
802 1583 1102 1649 conputans
1133 1581 1271 1632 laete
1303 1580 1498 1650 exigat.
1575 1581 1609 1631 2
1640 1579 1759 1631 Ba-

71 1653 372 1722 bylonios
427 1672 722 1706 numeros
769 1654 1205 1707 mathematicam
1250 1654 1526 1724 intellege3
1580 1653 1759 1721 Baby·
1784 1677 1827 1709 20

73 1727 206 1778 lonii
245 1727 387 1779 enim
428 1727 776 1797 astrologiam
815 1728 1086 1781 inuenisse
1124 1727 1425 1794 traduntur,
1464 1746 1560 1797 per
1599 1746 1760 1796 quam

73 1801 284 1870 genesis
318 1801 601 1871 colligitur.
693 1802 726 1854 3
758 1805 826 1854 ut
856 1803 1081 1854 melius
1115 1802 1423 1872 quidquid
1455 1802 1578 1854 erit
1608 1801 1759 1870 pati.

71 1874 199 1926 hinc
244 1875 456 1927 uidetur
501 1876 636 1927 alter
683 1894 871 1928 sensus
917 1876 1175 1945 incipere,
1229 1879 1289 1928 ut
1336 1877 1410 1929 sic
1458 1876 1758 1928 claudatur:

73 1951 135 2000 ut
165 1948 340 2017 possis
371 1949 561 2001 melius
593 1950 710 2019 pati
741 1950 1000 2018 quidquid
1039 1954 1135 2019 est,
1176 1951 1368 2018 sapias,
1408 1950 1536 2001 uina
1573 1950 1759 2017 liques.

73 2039 202 2093 ergo
243 2023 670 2076 subaudiendum
706 2023 794 2075 hic
832 2024 1056 2078 uerbum
1095 2024 1423 2076 extrinsecus
1432 2065 1446 2091 ‚
1498 2023 1640 2091 quod
1679 2024 1760 2074 est
1783 2044 1827 2078 25

75 2094 321 2163 ‘possis’.
383 2098 596 2165 sapias
628 2115 725 2165 pro
760 2096 833 2148 esi
866 2097 1070 2165 sapias'
1102 2101 1345 2149 ueterum
1376 2096 1759 2149 consuetudine

76 2168 293 2221 dictum.
408 2170 442 2222 5
498 2188 653 2239 quae
707 2189 872 2222 nunc
928 2171 1249 2240 oppositis
1298 2171 1346 2223 d.
1392 2190 1461 2222 m.
1526 2170 1759 2238 ‘hiemps

75 2261 222 2294 mare
260 2243 562 2312 pumicibus
603 2243 872 2306 debilitat'
913 2245 1148 2297 suauiter
1186 2246 1412 2313 dictum,
1452 2245 1577 2314 quia
1614 2244 1760 2296 inlisi

76 2316 267 2369 fluctus
299 2317 357 2368 ‘m
389 2335 518 2370 saxa
549 2318 748 2370 debiles
787 2318 1105 2371 redduntur:
1144 2320 1247 2372 hoc
1286 2322 1390 2371 est:
1430 2320 1571 2371 uires
1605 2318 1758 2370 amit-

74 2392 214 2442 tunt.
329 2391 363 2444 6
404 2395 467 2444 et
505 2392 717 2461 spatio
756 2392 940 2444 breui
980 2411 1150 2461 spem
1189 2394 1446 2462 longam
1493 2410 1757 2445 reseces.
1782 2415 1825 2447 30

194 2570 220 2607 2
252 2565 427 2610 faretra
457 2572 524 2611 ter
558 2568 620 2611 M
759 2572 787 2611 4
819 2566 949 2612 diues
981 2568 1194 2612 Priamus
1228 2569 1456 2625 oportuno
1490 2563 1698 2622 ἐπιθέτῳ
1732 2582 1760 2622 ς

75 2622 180 2676 fort.
214 2628 326 2667 recte
436 2626 626 2670 relictor
659 2627 722 2669 M
832 2631 857 2670 6
889 2627 1110 2672 habueris
1142 2628 1205 2670 M
1306 2629 1360 2671 ut
1392 2663 1402 2672 .
1436 2662 1445 2671 .
1479 2626 1701 2670 exemerit
1731 2641 1761 2681 ς

198 2686 222 2724 7
254 2683 456 2728 uenisse:
496 2686 628 2729 uenit
660 2687 724 2728 M
752 2684 891 2741 quia?
997 2692 1023 2730 9
1057 2686 1306 2732 Thessalos
1342 2722 1351 2730 .
1386 2721 1395 2729 .
1428 2690 1487 2729 10
1517 2684 1629 2729 redi.
1659 2690 1762 2740 post

76 2744 132 2784 11
166 2739 358 2784 inimica
387 2744 441 2786 in
473 2744 536 2787 M
561 2749 671 2788 sunt
793 2749 846 2788 12
880 2744 1068 2800 aelysns
1102 2747 1165 2789 M
1274 2759 1385 2790 coer.
1418 2745 1623 2788 turbam.-
1655 2758 1760 2787 con-

75 2801 152 2843 tra
183 2800 247 2842 M
338 2806 391 2844 13
423 2803 693 2847 umbrarum
722 2816 826 2847 nos:
866 2804 1080 2848 umbram
1114 2806 1185 2861 M,
1218 2805 1405 2849 umbras
1439 2818 1467 2859 ς
1560 2808 1612 2847 19
1645 2803 1762 2847 la&a

78 2859 142 2902 M
166 2859 274 2912 fort.
306 2865 421 2904 recte
509 2862 755 2919 babylonis
789 2863 853 2905 M
962 2868 1019 2907 24
1050 2864 1324 2920 Unahqmes
1358 2863 1421 2905 M
1531 2867 1586 2906 26
1610 2876 1760 2920 ρειεειε

78 2918 142 2961 M
261 2924 316 2962 27
355 2919 538 2977 hiemps
579 2921 759 2979 Pauly:
804 2935 967 2978 gemps
1001 2924 1065 2967 M
1180 2928 1237 2967 30
1270 2924 1318 2967 et
1349 2921 1500 2978 spatio
1535 2958 1545 2967 .
1578 2958 1588 2967 .
1620 2926 1694 2977 16,
1727 2925 1759 2965 2

75 2978 312 3035 porrigere
345 2983 450 3023 ante
480 2984 549 3025 22
580 2981 634 3024 ut
663 2985 773 3025 sunt
801 2982 854 3024 in
887 2981 951 3023 M
