1939 3197
129 118 200 171 56
823 119 942 164 0οΕ
973 120 1028 176 H,
1064 124 1103 163 7.

130 255 390 308 decurrat.
483 255 652 324 fregi
694 259 873 307 autem
922 254 1086 306 diem
1136 254 1349 307 uidetur
1399 273 1496 324 pro
1548 271 1623 323 00,
1683 256 1825 324 quod

130 332 212 382 est
252 327 466 398 ediuisi',
506 329 716 397 dixisse,
755 332 814 380 ut
855 347 887 381 a
927 331 1076 381 sexta
1113 329 1250 381 hora
1290 329 1555 399 significet
1587 346 1642 380 se
1668 347 1827 398 saepe

128 404 390 472 epulatos
456 421 624 455 mero
667 405 848 455 autem
890 403 1000 455 siue
1041 402 1223 455 datiuo
1265 421 1391 455 casu
1433 402 1545 455 siue
1587 403 1827 457 ablatiuo

131 478 387 546 accipias,
435 477 660 529 habebit
715 495 867 529 suam
920 476 1188 529 rationem
1253 495 1463 529 sensus:
1527 479 1621 529 aut
1681 478 1825 529 enim

86 567 106 599 5
133 550 244 602 <illa
291 568 347 602 re
395 550 535 620 fregi
582 550 740 602 diem'
789 554 883 602 aut
931 550 1028 602 ‘illi
1067 551 1144 602 rei
1183 549 1354 619 fregi'.
1472 550 1502 602 8
1544 551 1827 603 maloba-

127 625 290 677 tlirO.
368 625 768 677 malobathrum
807 625 1072 694 unguenti
1113 625 1344 692 speciem
1384 642 1498 676 esse
1540 624 1751 678 scimus,

130 698 161 750 9
206 700 311 764 [et]
352 700 559 751 tecum
599 698 950 767 Philippos.
1051 697 1287 766 Philippi
1335 697 1591 766 oppidum
1638 701 1720 750 est
1768 698 1826 750 in

128 772 463 841 Macedonia,
488 772 582 824 ubi
604 772 820 825 Marcus
845 772 1045 824 Brutus
1070 772 1242 840 periit.
1339 772 1403 823 11
1441 790 1577 824 cum
1614 771 1826 824 fracta

128 846 354 899 uirtus
450 847 575 915 quia
613 847 813 899 uirtute
856 864 910 898 se
951 844 1169 899 Cassius
1210 850 1262 898 et
1300 845 1501 900 Brutus
1540 846 1829 914 praecipue

63 939 104 969 10
129 920 419 972 iactabant.
539 921 603 972 11
648 924 707 972 et
757 921 1037 973 minaces
1076 923 1262 988 turpe
1307 921 1508 972 solum
1546 920 1828 989 tetigere

128 997 358 1047 mento.
420 998 606 1063 turpe
649 995 851 1047 solum
892 997 985 1046 aut
1025 1012 1210 1046 cruore
1251 994 1542 1062 foedatum,
1580 997 1641 1046 ut
1681 1012 1826 1046 san-

131 1069 323 1137 guine
371 1068 761 1136 foedantem,
809 1087 964 1136 quos
1011 1069 1148 1137 ipse
1198 1071 1571 1120 sacrauerat
1620 1069 1831 1137 igneS‚

131 1144 225 1193 aut
262 1160 462 1194 nomen
503 1146 584 1194 est
622 1143 738 1195 loco
781 1142 1023 1194 aduerbii
1070 1142 1333 1210 positum:
1388 1145 1573 1211 turpe
1623 1142 1827 1194 solum

128 1216 407 1284 tetigere
463 1235 560 1284 pro
618 1216 866 1285 ‘turpiter
914 1216 1174 1285 tetigere'.
1317 1217 1383 1268 13
1434 1217 1539 1268 sed
1586 1234 1677 1268 me
1717 1233 1829 1284 per

64 1308 104 1339 15
128 1289 340 1342 hostis
397 1289 754 1342 Mercurius
818 1291 985 1342 celer
1048 1290 1240 1342 denso
1303 1309 1353 1358 p.
1410 1309 1448 1342 s.
1512 1308 1557 1341 a.
1667 1307 1826 1358 saepe

133 1363 369 1416 ostendit
407 1362 665 1416 Horatius
714 1365 771 1416 in
811 1364 1057 1432 partibus
1097 1364 1262 1416 Bruta·
1303 1382 1358 1415 se
1397 1363 1672 1416 militasse.
1748 1364 1829 1415 iu-

130 1437 300 1489 cunde
357 1441 538 1489 autem
594 1457 624 1489 a
670 1438 936 1490 Mercurio
993 1456 1047 1490 se
1097 1438 1368 1490 sublatum
1415 1438 1477 1489 de
1525 1438 1617 1489 illa
1669 1438 1828 1489 caede

130 1511 280 1579 dicit,
322 1512 631 1581 significans
674 1514 810 1564 clam
862 1515 915 1563 et
955 1513 1108 1580 quasi
1148 1512 1292 1563 furto
1333 1512 1567 1580 quodam
1608 1529 1662 1563 se
1701 1511 1829 1563 inde

128 1585 345 1653 fugisse.
407 1603 503 1653 per
528 1586 752 1638 celerem
792 1602 919 1654 ergo
944 1585 1271 1638 Mercurium
1295 1586 1622 1637 celeritatem
1645 1585 1826 1655 fugae,

62 1678 104 1710 20
128 1676 224 1727 per
277 1659 331 1710 id
386 1659 529 1727 quod
585 1660 661 1711 ait
715 1660 910 1712 denso
967 1677 1109 1711 aere
1164 1659 1398 1711 latebras
1447 1659 1616 1727 ipsius
1662 1659 1824 1728 fugae

129 1733 372 1801 intellegi
399 1734 528 1785 uult.
631 1732 700 1785 15
739 1737 799 1785 te
840 1751 1059 1785 rursus
1098 1734 1164 1784 in
1202 1734 1441 1785 bellum
1480 1733 1826 1787 resorbens

130 1806 297 1858 unda
351 1806 386 1858 f.
442 1810 478 1859 t.
528 1825 572 1858 a.
668 1808 985 1876 allegoricos
1042 1807 1310 1877 significat
1347 1807 1663 1875 Pompeium
1701 1810 1827 1875 post

129 1880 317 1949 fugam
366 1881 515 1932 illam
564 1881 769 1948 impetu
822 1881 1054 1949 quodam
1109 1881 1305 1933 mentis
1360 1881 1558 1949 petisse
1613 1899 1828 1933 rursum

129 1958 311 2021 partes
358 1953 527 2006 Bruti.
658 1955 722 2007 17
774 1955 1152 2024 obligatam:
1199 1955 1580 2022 repromissam
1628 1972 1689 2007 ac
1738 1955 1826 2006 de-

65 2049 107 2081 25
131 2028 315 2080 bitam.
416 2028 484 2080 21
529 2028 851 2081 obliuioso
892 2028 1181 2082 Massico.
1253 2028 1485 2080 Massico
1525 2029 1654 2080 uino
1695 2028 1828 2080 obli-

131 2102 319 2154 uiones
361 2120 611 2154 curarum
637 2121 698 2155 ac
724 2103 1145 2156 sollicitudinum
1169 2103 1399 2155 faciente
1424 2104 1512 2154 uel
1537 2102 1827 2154 adferente.

243 2176 314 2227 522
356 2176 604 2229 ciboria
645 2178 838 2245 exple.
906 2177 1108 2230 ciboria
1139 2177 1353 2245 proprie
1381 2180 1507 2228 sunt
1529 2176 1661 2229 folia
1686 2176 1828 2228 colo-

134 2249 416 2317 casiorum,
453 2250 513 2301 in
553 2269 779 2318 quorum
822 2251 1228 2303 similitudinem
1252 2252 1446 2319 pocula
1469 2250 1616 2302 facta
1641 2250 1829 2303 eodem

130 2323 348 2374 nomine
406 2324 761 2391 appellantur.
893 2325 961 2376 23
1020 2325 1160 2394 quis
1215 2325 1334 2376 udo
1398 2324 1827 2392 deproperare

64 2417 109 2450 30
135 2396 278 2463 apio
330 2414 599 2448 coronas
649 2401 911 2449 curatue
951 2398 1192 2466 myrto?
1244 2398 1383 2465 quis
1422 2397 1831 2467 interrogatiue7

134 2469 225 2522 sed
282 2488 403 2521 cum
467 2471 701 2538 quodam
755 2471 1100 2524 hortamento
1157 2472 1363 2523 dicitur.
1463 2471 1582 2523 udo
1647 2474 1829 2523 autem

254 2634 307 2672 12
340 2629 480 2686 Verg.
512 2630 625 2675 Aen.
662 2635 701 2686 2,
736 2635 820 2675 502

253 2797 278 2835 6
311 2792 626 2836 malobatrum
661 2793 723 2836 M
865 2798 888 2836 7
921 2793 1141 2849 philipos.
1173 2793 1345 2849 philipl
1380 2793 1442 2835 M
1582 2798 1607 2837 8
1640 2792 1829 2836 mache-

133 2849 274 2893 donia
309 2852 372 2894 M
487 2851 599 2895 fr&a
631 2852 695 2894 M
815 2858 866 2895 11
901 2854 973 2896 ut:
1009 2855 1091 2895 aut
1125 2853 1186 2894 M
1308 2856 1362 2895 15
1395 2852 1556 2896 Merc.:
1589 2867 1636 2894 m
1670 2852 1734 2894 M

136 2913 189 2952 16
224 2912 399 2953 oratius
434 2911 497 2954 M
643 2910 779 2954 Bruti
811 2924 892 2955 om.
929 2911 992 2953 M
1133 2916 1188 2955 20
1220 2924 1306 2967 pro
1336 2911 1385 2954 1d
1420 2911 1482 2953 M
1624 2915 1677 2954 22
1712 2910 1828 2954 alle-

132 2967 308 3023 gohcos
343 2969 406 3011 M
570 2974 624 3013 26
659 2969 1004 3014 solicltudmum
1039 2970 1102 3013 M
1279 2969 1510 3013 adserenti
1543 2969 1605 3013 M
1768 2973 1825 3012 27

131 3039 352 3082 propriae
386 3028 450 3071 M
568 3034 624 3073 30
656 3032 794 3073 misto
830 3030 892 3072 M
