1939 3197
728 48 847 94 ODE
880 50 913 106 Ι,
950 54 1001 93 13
1036 51 1084 94 et
1117 55 1182 94 14.
1733 50 1800 101 19

114 186 281 238 nihil
322 188 432 237 est.
550 185 614 236 17
656 184 881 237 felices
920 187 958 236 t.
999 204 1043 237 a.
1084 204 1132 254 q.
1171 185 1204 236 i.
1235 188 1273 236 t.
1313 185 1482 236 mini.
1523 185 1570 237 d.
1604 205 1652 254 q.
1686 204 1724 238 3.
1758 204 1800 239 0.

115 278 153 312 3.
194 258 360 311 Odie.
439 276 649 309 sensus:
699 259 828 309 satis
882 258 1064 310 felices
1112 258 1356 311 existimo
1405 276 1519 325 003,
1574 277 1801 326 quorum

111 333 252 384 inter
291 350 345 384 se
386 350 536 384 amor
573 332 650 383 ita
689 333 979 400 consentit,
1027 337 1085 384 ut
1119 350 1232 384 non
1272 335 1395 384 ante
1435 333 1683 384 ultimum
1723 333 1798 386 ui-

112 410 199 458 tae
255 406 394 458 diem
447 405 761 458 resoluatur.
847 406 1075 458 adtende
1139 406 1539 474 eloquutionem
1601 406 1796 459 eitius

112 497 404 548 suprema
443 479 564 548 die,
612 479 754 547 quod
794 479 1090 548 significat:
1133 483 1256 532 ante
1296 479 1436 531 diem
1476 498 1795 548 supremum.
1821 495 1842 528 5

219 554 283 607 18
326 571 481 622 quos
521 553 787 621 inrupta
825 555 1004 605 tenet
1044 554 1284 622 copula.
1349 554 1662 623 allegoricos
1694 553 1798 606 1100

110 628 316 680 dicitur.
394 627 661 696 signifieat
700 629 878 678 autem
918 645 1031 696 eos,
1071 628 1162 696 qui
1208 628 1285 679 ita
1336 627 1533 680 amoris
1580 628 1797 680 uinculo

109 702 250 753 inter
291 719 345 752 se
386 701 662 753 constricti
703 703 842 769 sunt,
881 704 943 753 ut
980 719 1275 770 numquam
1308 701 1538 754 discerni
1568 702 1796 769 possint.

805 816 922 860 ODE
959 823 996 871 1,
1034 821 1101 859 14.

257 892 301 945 O
341 893 524 945 nauis
565 892 850 945 referent
887 894 952 944 in
990 912 1157 945 mare
1204 896 1241 944 t.
1283 911 1333 944 n.
1375 893 1411 944 f.
1465 893 1523 944 in
1554 892 1655 945 1130
1696 893 1794 945 0010
1820 910 1861 942 ιο

108 966 175 1019 ad
211 966 453 1018 Marcum
491 966 720 1018 Brutum
758 968 1010 1036 loquitur,
1050 968 1140 1036 qui
1180 967 1321 1035 apud
1360 965 1641 1034 Philippos
1680 966 1795 1019 Ma-

107 1040 358 1093 cedoniae
407 1041 595 1092 urbem
651 1041 717 1092 ab
772 1041 1020 1111 Augusto
1075 1041 1228 1094 fusus
1276 1040 1559 1092 uidebatur
1609 1059 1793 1093 rursus

105 1115 368 1167 instruere
406 1132 457 1168 se
498 1115 564 1166 ad
602 1132 857 1184 pugnam.
935 1116 1125 1168 merito
1168 1118 1347 1167 autem
1386 1117 1548 1182 poeta
1585 1132 1681 1183 per
1720 1114 1794 1166 31-

103 1188 364 1258 legoriam
419 1192 654 1240 metuere
710 1207 764 1241 se
819 1207 916 1258 pro
973 1208 1034 1241 eo
1083 1192 1336 1256 testatur,
1391 1189 1647 1256 quoniam
1695 1189 1793 1240 sub

105 1257 222 1330 ipso
262 1263 602 1331 militauerat,
642 1263 732 1331 qui
770 1266 952 1315 tamen
992 1281 1055 1315 ex
1093 1264 1297 1331 proelio
1337 1262 1639 1331 Philippico
1672 1262 1793 1314 fati·
1818 1278 1861 1311 15

106 1338 264 1405 gatus
304 1339 548 1404 receptus
590 1336 656 1388 ab
697 1335 946 1406 Augusto
986 1338 1201 1389 ueniam
1240 1337 1308 1389 ab
1349 1354 1410 1388 eo
1450 1336 1659 1387 meruit.

106 1410 139 1461 3
178 1427 390 1462 nonne
437 1410 615 1462 uides
664 1413 731 1462 ut
777 1411 1008 1462 nudum
1048 1411 1319 1480 remigio
1359 1411 1545 1462 latus,
1623 1411 1792 1462 mani-

106 1482 274 1535 festae
315 1484 617 1552 allegoriae,
655 1501 751 1552 per
792 1503 922 1553 quas
965 1485 1236 1553 signifieat
1275 1502 1338 1535 ex
1375 1486 1527 1551 parte
1567 1484 1675 1535 iam
1708 1484 1793 1535 de-

102 1557 372 1609 bilitatum
412 1558 702 1609 exereitum
740 1557 896 1610 Bruti
936 1562 990 1610 et
1028 1559 1167 1610 uires
1207 1559 1442 1626 partium
1476 1558 1588 1609 eius
1621 1558 1792 1609 minu-

108 1634 192 1683 tas
241 1649 370 1683 esse.
488 1632 516 1682 7
559 1632 664 1683 uix
710 1632 937 1684 durare
987 1633 1244 1684 carinae
1283 1651 1333 1700 p.
1373 1632 1405 1683 i.
1447 1650 1491 1684 a.
1563 1632 1790 1684 durare
1815 1648 1858 1680 20

103 1722 339 1774 aequor
362 1705 499 1756 mira
522 1705 697 1774 figura
722 1706 916 1758 dicitur
938 1724 1062 1774 pro:
1105 1707 1368 1759 sustinere
1392 1706 1503 1757 uim
1528 1706 1790 1774 aequoris

101 1779 520 1847 imperiosius
576 1783 756 1832 autem
810 1781 1128 1832 translatiue
1182 1799 1280 1849 pro
1331 1778 1597 1832 esaeuius'.
1724 1781 1792 1832 10

105 1870 263 1921 quos
317 1853 563 1905 iterum.
620 1856 752 1920 [non
793 1855 959 1920 uitae]
1001 1873 1113 1907 non
1166 1855 1398 1906 iterum
1436 1872 1658 1922 pressa
1699 1854 1790 1905 sed

99 1927 338 1979 iterum
391 1945 579 1979 uoces
642 1929 806 1981 malo
861 1947 1096 1997 pressa.
1205 1928 1559 1996 amphibolos.
1723 1929 1786 1978 11

102 2001 390 2069 quamuis
430 2002 696 2069 pontica
734 2003 939 2071 pinus,
1007 2002 1141 2054 11300
1173 2003 1239 2053 3(1
1271 2001 1609 2054 nobilitatem
1632 1999 1790 2052 Bruti
1813 2016 1856 2049 25

99 2073 417 2126 referuntur.
535 2075 602 2126 12
644 2076 844 2127 siluae
884 2076 1028 2127 filia
1067 2075 1323 2127 nobilis.
1377 2079 1553 2126 ‘utrum
1590 2075 1791 2127 siluae

99 2147 328 2200 nobilis
352 2166 423 2199 an
447 2151 515 2199 tu
539 2149 805 2217 nobilis,
830 2144 1137 2217 ἀμφιβολία
1159 2167 1256 2217 per
1281 2167 1449 2201 033113.
1532 2149 1600 2200 14
1624 2148 1789 2200 nihil

87 2221 284 2287 pictis
307 2222 573 2273 timidus
598 2223 822 2274 nauita
844 2223 1168 2292 puppibus
1194 2223 1365 2275 fidit.
1414 2217 1790 2290 ἀλληγορικῶς

102 2294 192 2361 ait,
231 2295 366 2346 nihil
405 2295 658 2364 prodesse
697 2297 754 2348 in
792 2297 934 2349 bello
976 2300 1294 2349 ornamenta
1331 2296 1646 2349 nobilitatis.

102 2369 166 2419 17
208 2386 410 2437 nuper
457 2370 814 2422 sollicitum
863 2390 1020 2439 quae
1067 2371 1222 2423 mihi
1266 2370 1573 2439 taedium,
1619 2387 1785 2421 1111110
1810 2386 1853 2418 30

99 2441 483 2494 desiderium
539 2461 814 2513 curaque
868 2464 995 2498 non
1047 2445 1230 2497 101113.
1307 2462 1427 2497 0000
1481 2444 1568 2495 1110
1614 2445 1784 2495 1113111-

97 2515 232 2568 feste
281 2517 517 2569 ostendit
557 2536 610 2570 se
650 2522 811 2587 poeta
851 2520 1085 2589 partium
1123 2518 1281 2571 Bruti
1320 2518 1507 2587 fuisse,
1560 2536 1785 2585 quarum

216 2665 241 2703 3
276 2662 508 2706 consensit
540 2664 603 2706 M
704 2666 757 2708 ut
787 2678 870 2708 om.
905 2665 968 2707 M
1078 2670 1105 2707 4
1138 2664 1305 2708 atende
1340 2664 1403 2706 M
1505 2675 1646 2705 cicius
1679 2663 1784 2706 sub-

96 2732 258 2775 prema
291 2720 354 2762 M
493 2725 518 2764 5
552 2737 852 2780 suppremum
886 2724 948 2766 M
1090 2729 1114 2767 6
1146 2724 1412 2779 interrupta
1444 2721 1506 2764 M
1648 2724 1700 2764 13
1734 2735 1784 2765 se

95 2791 178 2823 om.
213 2778 276 2821 M
387 2783 442 2822 14
471 2782 697 2825 trestatur
729 2784 791 2826 M
904 2787 956 2825 15
989 2782 1180 2839 fugatus
1215 2797 1243 2837 ς
1359 2785 1411 2824 17
1443 2780 1689 2825 manifeste
1721 2780 1782 2823 ad

98 2837 160 2879 M
277 2842 334 2881 24
366 2837 613 2883 amflbolos
647 2842 710 2884 M
828 2848 882 2885 26
915 2843 1072 2885 utrum
1105 2841 1252 2885 siluae
1284 2839 1454 2884 nobilis
1486 2852 1569 2884 om.
1604 2840 1668 2882 M

96 2900 152 2940 28
183 2898 330 2942 nauta
362 2897 425 2940 M
548 2904 605 2942 30
638 2915 726 2956 que
761 2937 769 2945 .
805 2935 813 2944 .
846 2901 1026 2945 tedium
1061 2901 1123 2944 M
1240 2905 1294 2943 31
1331 2912 1456 2943 ecce:
1490 2903 1566 2943 et?
1599 2900 1655 2953 cf.
1691 2898 1781 2954 Pp.

96 2955 158 2999 ad
188 2956 258 3000 od.
291 2960 338 3012 2,
374 2961 414 3010 7,
446 2961 504 3001 13

1366 3035 1425 3076 2¹⁶3:
