1939 3197
138 981 182 1012 10

141 1351 182 1382 15

142 1722 184 1753 20

142 2092 185 2124 25

202 162 275 214 28
906 161 1024 206 onii
1056 163 1092 217 1,
1125 167 1194 207 22.

206 298 476 368 grauida
515 298 820 367 pharetra
858 316 957 365 pro
999 298 1153 367 graui
1194 316 1255 350 ac
1285 316 1382 368 per
1411 298 1516 351 hoc
1547 298 1709 366 plena
1740 316 1899 366 μετα-

202 391 526 499 3513&
597 370 1899 515 &3132ssss{3233{Zssszmffiffiffffissiffissss

204 521 341 572 rima
366 538 565 590 genera
589 520 971 572 miraculorum
1003 523 1057 572 et
1089 520 1254 590 digna
1284 520 1481 572 fabulis
1513 520 1667 572 ferat.
1742 521 1899 572 lam-

204 594 300 646 bit
339 597 520 646 autem
557 594 878 646 translatiue
919 594 1121 646 dictum
1161 597 1243 646 est
1283 613 1315 646 a
1352 595 1564 663 lingua,
1611 612 1707 662 per
1754 592 1898 662 quod

206 668 477 737 significat
507 667 804 737 Hydaspen
834 668 1059 720 fluuium
1090 669 1268 720 lenem
1300 687 1414 720 esse
1447 670 1500 719 et
1530 668 1723 720 leniter
1751 667 1901 735 ripas

206 760 329 794 suas
376 745 614 812 tangere.
734 743 802 794 10
850 744 1038 795 canto
1086 741 1373 812 Lalagen
1419 742 1474 793 id
1522 744 1627 794 est:
1684 759 1901 794 carmen

205 816 263 868 in
303 815 544 886 Lalagen
583 816 802 869 nomine
844 817 1072 869 amicam
1113 816 1484 884 compositum.
1556 816 1631 867 sic
1671 818 1724 868 et
1761 815 1898 867 liber

204 889 442 942 Lucilii
481 889 626 943 XVI.
676 889 895 958 Collyra
941 890 1253 942 inscribitur
1300 909 1360 943 eo
1403 889 1546 958 quod
1586 890 1649 941 de
1683 888 1899 958 Collyra

207 964 378 1016 amica
433 965 664 1033 scriptus
721 965 804 1016 sit.
882 965 1045 1017 etiam
1098 983 1199 1017 nos
1247 965 1322 1017 sic
1368 965 1683 1032 plerumque
1728 964 1901 1032 loqui-

206 1057 340 1090 mur.
498 1040 566 1091 10
621 1042 682 1090 et
735 1040 909 1090 ultra
961 1040 1308 1091 terminum
1364 1039 1536 1090 curis
1590 1054 1793 1107 uagor
1845 1037 1901 1089 id

207 1115 310 1164 est:
351 1113 494 1165 ultra
530 1113 822 1165 terminum
860 1113 1015 1165 fundi
1052 1114 1158 1165 mei
1196 1113 1427 1181 procedo
1467 1113 1711 1165 lucorum
1747 1112 1898 1164 uolu-

206 1189 356 1254 ptate
418 1187 665 1239 inlectus,
751 1187 920 1239 curis
984 1190 1165 1239 autem
1229 1186 1550 1255 expeditis
1604 1203 1703 1255 pro
1760 1184 1901 1254 eipse

209 1260 348 1311 curis
383 1260 661 1329 expeditus
693 1260 747 1311 id
780 1264 861 1312 est
894 1260 1145 1313 securus'.
1256 1262 1324 1313 13
1357 1278 1560 1329 neque
1593 1259 1904 1311 militaris

207 1332 509 1386 Daunias.
580 1333 796 1386 Daunia
826 1335 1026 1402 Apulia
1066 1335 1210 1387 dicta
1250 1354 1281 1387 a
1311 1334 1507 1386 Dauno
1548 1351 1674 1403 rege
1715 1351 1900 1387 socero

206 1406 483 1461 Diomedis
494 1451 508 1476 ,
560 1427 721 1478 quam
768 1409 1057 1461 militarem
1109 1410 1264 1478 dixit,
1315 1409 1442 1477 quia
1479 1408 1703 1460 militiae
1743 1410 1903 1476 aptos

207 1482 353 1535 uiros
393 1482 572 1534 habet.
692 1483 760 1534 14
810 1483 965 1541 latis
1017 1483 1140 1535 alit
1191 1482 1555 1536 aesculetis.
1633 1482 1905 1534 aesculeta

209 1556 276 1608 ab
319 1557 529 1608 aesculo
572 1557 760 1609 arbore
800 1558 877 1608 ita
917 1557 1167 1609 dicuntur
1204 1560 1266 1608 ut
1294 1557 1481 1625 pineta
1513 1574 1545 1607 a
1575 1556 1720 1624 pino.
1831 1555 1901 1608 15

207 1647 322 1682 nec
367 1629 563 1682 Iubae
609 1631 820 1682 13011118.
864 1630 1237 1683 ·Mauretania
1283 1630 1649 1699 intellegenda
1696 1648 1728 1681 a
1764 1629 1904 1682 Iuba

207 1721 348 1774 rege.
468 1705 533 1756 17
590 1723 754 1772 pone
809 1723 900 1756 me
950 1705 1173 1774 pigris.
1252 1724 1389 1774 quur
1441 1705 1627 1774 pigros
1683 1722 1903 1772 campos

209 1778 431 1847 dixerit,
486 1779 600 1846 ipse
657 1778 894 1831 ostendit
948 1779 1257 1832 subiciendo
1313 1779 1421 1831 ubi
1475 1778 1657 1830 nulla
1711 1779 1904 1830 arbor

210 1853 462 1904 aestiua
500 1856 833 1904 recreatur
872 1871 1036 1905 aura.
1155 1853 1220 1905 19
1264 1853 1429 1922 quod
1461 1853 1635 1904 latus
1667 1852 1901 1904 mundi.

207 1926 379 1979 latus
418 1945 517 1994 pro
560 1927 799 1996 qualibet
837 1927 1025 1979 mundi
1056 1931 1210 1995 parte
1242 1927 1438 1996 posuit.
1559 1926 1625 1978 19
1665 1927 1900 1978 malus-

210 2018 326 2068 que
364 1999 661 2069 Iuppiter
700 2003 900 2070 urget.
977 2000 1164 2054 Iouem
1202 2019 1300 2069 pro
1340 2002 1661 2069 tempestate
1699 2017 1903 2068 ponere

210 2075 482 2142 poeticum
535 2077 629 2126 est.
716 2075 790 2127 sic
842 2078 896 2127 et
944 2074 1300 2145 Uergilius·
1362 2074 1547 2126 Modo
1606 2072 1904 2157 Iuppiter

209 2148 410 2237 adsit,
474 2148 695 2200 Tertia
756 2149 864 2200 lux
919 2150 1189 2202 classem
1244 2148 1535 2202 Cretaeis
1591 2147 1784 2200 sistet
1836 2148 1904 2199 in

210 2222 356 2276 oris.
435 2239 563 2291 ergo
615 2224 820 2274 malus
870 2223 1166 2292 Iuppiter
1216 2242 1314 2292 pro
1367 2241 1429 2275 eo
1471 2221 1615 2305 quod
1654 2220 1791 2274 est
1801 2221 1903 2273 ini-

210 2313 315 2378 qua
353 2295 682 2378 tempestas,
796 2298 864 2348 21
898 2316 1063 2380 pone
1097 2298 1209 2350 sub
1243 2315 1431 2349 curru
1461 2295 1726 2347 nimium
1757 2313 1902 2362 pro-

210 2369 439 2437 pinqui
495 2370 651 2421 solis
706 2370 762 2421 id
810 2373 913 2422 est:
952 2371 1010 2422 in
1048 2371 1250 2439 Africa,
1291 2370 1376 2422 cui
1417 2370 1497 2421 sol
1538 2369 1739 2421 scilicet
1776 2387 1899 2436 pro-

142 2459 162 2491 3
209 2443 330 2510 pior
369 2446 451 2494 est
490 2461 652 2511 quam
692 2444 881 2496 ceteris
920 2445 1091 2496 terris.
1201 2445 1272 2496 22
1313 2443 1607 2495 domibus
1646 2445 1898 2512 negata,

210 2517 335 2585 quia
366 2517 588 2568 ultimae
625 2521 808 2585 partes
832 2517 1049 2570 Africae
1090 2517 1472 2569 inhabitabiles
1514 2519 1641 2568 sunt
1678 2519 1904 2584 propter

208 2591 405 2644 nimios
447 2592 666 2643 calores,
780 2592 853 2643 23
902 2591 1085 2644 dulce
1137 2592 1455 2643 ridentem
1501 2609 1599 2658 pro
1649 2589 1901 2642 ‘dulciter

208 2664 515 2733 ridentem'‚
552 2683 752 2718 nomen
790 2683 890 2732 pro
932 2665 1184 2718 aduerbio
1224 2665 1477 2734 positum.

330 2831 354 2868 9
387 2824 536 2868 Lucil.
569 2825 691 2881 XVI,
724 2825 745 2867 I
868 2830 922 2869 25
955 2826 1068 2869 Aen.
1103 2830 1145 2879 3,
1180 2831 1264 2869 116

329 2962 354 2999 3
389 2958 477 3000 est:
518 2958 596 3002 &sr
629 2958 692 3002 M
839 2963 865 3002 8
899 2957 965 3002 sic
998 2958 1063 3001 et:
1106 2957 1272 3001 sc1lic&
1306 2958 1369 3001 M
1517 2963 1542 3001 9
1574 2956 1694 3001 XVI.
1738 2956 1904 3000 collira.

211 3016 275 3058 M
394 3021 449 3059 10
480 3019 759 3073 inscriptum
791 3018 853 3061 Sit
886 3017 949 3060 M
1059 3022 1114 3061 26
1149 3018 1314 3061 01013018
1347 3017 1471 3061 Sistit
1503 3016 1566 3059 M
1676 3020 1732 3060 28
1766 3028 1900 3059 curro

211 3074 276 3118 M
393 3079 448 3118 29
480 3089 695 3132 propnor
728 3076 792 3119 M
909 3081 964 3120 32
996 3090 1190 3120 1111111008
1224 3076 1288 3120 M
1403 3075 1610 3120 ridentei·
1639 3088 1724 3131 pro
1758 3074 1821 3117 M
