1939 3197
563 77 861 121 EPISTULA
892 78 948 131 Π,
982 82 1024 131 2,
1055 81 1303 121 209-215.
1662 78 1770 130 343

91 214 316 266 dicimus
356 212 508 281 quasi
545 230 773 281 magnos
813 231 844 264 a
882 213 1093 281 magnis
1132 213 1290 264 rebus
1330 230 1460 280 quas
1500 216 1685 281 agunt.

93 288 200 340 209
236 290 586 340 nocturnos
626 286 909 338 lemores
963 286 1180 337 umbras
1205 289 1466 355 uagantes
1491 285 1771 338 hominum

93 364 218 412 ante
257 360 396 412 diem
434 362 768 412 mortuorum
808 363 861 411 et
906 359 1024 411 ideo
1073 359 1401 411 metuendas,
1478 362 1532 411 et
1577 363 1773 428 putant

93 435 363 486 lemores
411 451 525 485 esse
574 432 744 485 dictos
792 433 943 501 quasi
989 432 1245 485 Remulos
1301 452 1332 484 a
1377 432 1570 501 RemO,
1623 434 1771 486 cuius

96 508 256 560 occisi
294 507 510 558 umbras
550 506 715 558 frater
753 506 1013 559 Romulus
1051 525 1170 558 cum
1208 508 1419 575 placare
1458 508 1635 575 uellet,
1673 507 1770 559 Le·
1796 522 1816 555 5

93 581 266 632 muria
311 580 548 632 instituit
593 580 647 631 id
695 583 777 632 est
822 580 1150 643 Parentalia,
1206 599 1340 648 quae
1395 599 1577 632 mense
1627 580 1772 633 Maio

93 672 190 723 per
226 654 463 706 triduum
503 654 759 705 celebrari
799 655 974 706 solent
1014 657 1137 705 ante
1178 654 1418 706 additum
1451 672 1594 706 anno
1627 672 1772 706 men-

94 746 206 779 sem
252 726 617 779 Februarium.
695 728 763 779 ob
812 746 972 795 quam
1018 746 1131 778 rem
1170 727 1314 780 Maio
1363 746 1546 779 mense
1584 728 1773 797 religio
1845 768 1848 772 f

94 804 178 853 est
215 801 430 869 nubere,
469 804 523 852 et
561 801 689 852 item
728 800 941 868 Martio,
979 802 1037 851 in
1077 819 1182 869 quo
1222 803 1256 866 ’ἱ-
1292 802 1555 869 deputetis
1587 801 1772 853 habito

94 894 126 926 a
177 874 423 926 Minerua
475 873 620 925 Mars
670 875 844 926 uictus
899 878 1001 941 est,
1063 878 1117 925 et
1178 875 1400 926 obtenta
1460 875 1772 943 uirginitate
1798 893 1840 922 ιο

88 948 340 1000 Minerua
400 946 632 999 Neriene
704 951 784 999 est
853 948 1137 1016 appellata.
1288 948 1393 1000 209
1470 951 1775 1016 portenta

97 1022 422 1074 Thessala.
522 1021 901 1074 Thessalorum
939 1022 1321 1090 promissiones
1360 1022 1774 1074 incantatorum.

8 1123 17 1133 τ
93 1096 157 1147 de
213 1096 404 1163 quibus
469 1095 544 1146 ait
604 1093 960 1164 Uergilius:
1022 1095 1194 1147 Haec
1257 1114 1318 1147 se
1381 1096 1775 1147 carminibus

93 1169 422 1236 promittit
471 1169 719 1220 soluere
767 1171 1008 1220 mentes
1059 1168 1223 1230 Quas
1270 1169 1433 1221 uelit
1486 1172 1541 1220 et
1588 1172 1775 1237 cetera,

94 1245 169 1294 et·
200 1240 315 1294 His
370 1259 482 1311 ego
540 1260 725 1310 saepe
780 1243 996 1311 lupum
1051 1243 1204 1295 fieri
1266 1246 1327 1294 et
1388 1261 1450 1294 se
1506 1243 1774 1294 condere
1801 1260 1843 1292 15

95 1316 281 1368 siluis
320 1315 583 1368 Moerim
622 1319 675 1367 et
714 1316 854 1385 quod
894 1317 1148 1386 sequitur.
1261 1317 1367 1368 209
1408 1317 1601 1368 rides:
1653 1335 1775 1368 con-

90 1390 305 1442 temnis,
441 1390 549 1441 210
595 1390 848 1442 natales
896 1394 1073 1459 grate
1119 1409 1435 1458 numeraS‚
1485 1390 1626 1459 quod
1665 1409 1777 1442 non

90 1464 300 1515 faciunt
344 1464 570 1515 nimium
617 1464 792 1515 timidi
839 1464 1126 1516 senectutis
1166 1467 1219 1515 et
1256 1465 1444 1516 mortis
1454 1506 1466 1530 ,
1514 1482 1675 1532 quam
1714 1481 1778 1515 ex

93 1537 364 1589 natalibus
404 1538 588 1588 multis
627 1538 735 1589 iam
773 1538 983 1606 iamque
1026 1538 1323 1606 proximam
1355 1538 1778 1606 perhorrescunt.

94 1612 203 1663 212
238 1611 386 1679 quid
416 1613 479 1663 te
512 1613 804 1679 exempta
835 1612 1038 1663 iuuat:
1063 1612 1335 1681 allegoria.
1395 1612 1521 1679 quid
1546 1611 1778 1680 prodest,
1803 1630 1845 1662 20

95 1685 285 1753 inquit,
323 1702 429 1736 uno
470 1702 531 1736 eo
571 1687 623 1736 te
664 1703 841 1736 carere
877 1686 1009 1737 uitio
1034 1703 1069 1737 a
1091 1688 1204 1737 tam
1229 1686 1409 1737 multis
1434 1685 1779 1753 possessum?

244 1758 351 1810 213
390 1758 606 1810 uiuere
648 1759 700 1810 si
738 1762 909 1811 recte
948 1760 1174 1811 nescis,
1251 1759 1318 1811 da
1355 1760 1546 1827 locum,
1585 1759 1776 1827 inquit,

95 1832 419 1899 melioribus,
460 1832 550 1901 qui
588 1833 768 1884 uiuere
809 1834 997 1901 sciunt,
1037 1836 1092 1884 et
1128 1835 1310 1901 patere
1351 1833 1560 1885 succedi
1590 1833 1704 1885 tibi.

97 1906 208 1957 214
253 1906 474 1957 lusisti
521 1907 693 1958 satis.
785 1906 888 1958 hoc
934 1907 1076 1974 apud
1128 1907 1479 1974 philosophos
1532 1906 1778 1974 frequen-

95 1982 269 2030 tatum
325 1981 427 2046 est,
482 1979 546 2030 de
599 1980 712 2031 uita
764 1980 1062 2048 sapientem
1116 1980 1260 2031 abire
1313 1982 1556 2048 oportere
1607 1997 1776 2047 aequo
1802 1999 1845 2031 25

97 2053 293 2121 animO,
339 2054 400 2104 ut
446 2070 473 2104 e
525 2054 772 2105 conuiuio
812 2056 1026 2121 pastum
1082 2056 1426 2121 saturumque
1481 2053 1779 2104 conuiuam.

98 2129 151 2177 et
190 2126 463 2178 moraliter
501 2127 786 2195 repetitum
836 2127 1018 2194 satis⁷
1065 2127 1206 2195 quod
1247 2126 1644 2179 acclamationis
1684 2129 1780 2178 est.

246 2199 354 2252 215
393 2202 641 2268 tempus
689 2201 863 2252 abire
909 2201 1044 2252 tibi.
1121 2204 1300 2252 utrum
1341 2201 1466 2269 quia
1505 2200 1633 2252 deus
1672 2200 1780 2251 iam

101 2276 156 2324 te
195 2276 368 2340 uocat,
410 2292 478 2325 an
517 2274 642 2342 quia
682 2274 772 2326 diu
811 2275 1142 2342 multumque
1181 2274 1400 2326 uixisti?
1463 2277 1516 2325 et
1554 2274 1685 2325 mire
1723 2274 1781 2324 in

220 2424 271 2462 13
306 2420 419 2463 Aen.
454 2424 494 2471 4,
527 2424 612 2463 487
648 2421 694 2463 et
723 2420 833 2463 Buc.
868 2425 907 2473 8,
942 2425 995 2463 97

222 2549 247 2587 2
280 2546 548 2598 nocturnosi
581 2545 643 2588 M
774 2545 995 2589 Lemures
1029 2560 1057 2600 ς
1089 2546 1145 2599 cf.
1180 2543 1358 2588 Charis.
1384 2558 1434 2599 p.
1468 2548 1546 2599 32,
1579 2547 1642 2588 23
1674 2543 1783 2587 Keil

102 2608 144 2647 et
179 2603 367 2647 Placidi
395 2604 526 2659 91033.
658 2605 862 2648 nimbras
895 2604 958 2646 M
1088 2608 1116 2646 4
1147 2603 1344 2647 remules
1376 2618 1405 2658 ς
1541 2607 1566 2645 5
1598 2602 1782 2658 placere

103 2684 166 2727 M
284 2689 307 2727 7
342 2684 556 2728 solebant
588 2700 616 2739 ς
646 2685 751 2739 fort.
784 2689 898 2728 recte
1047 2688 1156 2728 ante
1187 2684 1337 2727 adt1t0
1369 2669 1543 2742 marino
1575 2697 1782 2727 mensem

104 2743 168 2786 M
300 2747 324 2785 9
357 2743 491 2786 item:
522 2758 589 2787 ire
624 2744 686 2786 M
802 2744 858 2787 de
890 2743 1066 2800 nuptiis
1097 2743 1260 2787 habito
1293 2742 1544 2786 certamine
1577 2757 1606 2797 ς
1728 2748 1780 2785 12

100 2801 324 2846 thessaho
356 2816 675 2857 promissionis
708 2803 771 2845 M
911 2808 964 2846 13
996 2803 1159 2859 uergll.
1194 2803 1256 2845 M
1405 2807 1458 2844 15
1490 2801 1713 2844 &secuml
1747 2816 1782 2845 s.

97 2874 293 2904 moerim
328 2861 390 2903 M
522 2866 577 2905 20
608 2864 759 2904 iuuat:
793 2862 843 2905 L.
879 2861 941 2904 M
1064 2861 1280 2917 alhgona
1314 2861 1376 2903 M
1504 2864 1557 2902 21
1592 2873 1646 2904 eo
1677 2873 1784 2904 nos:

98 2932 188 2975 ego
221 2919 283 2962 M
400 2924 455 2963 23
487 2922 647 2976 patere
682 2921 859 2977 Pauly:
890 2921 1072 2964 succedi
1103 2933 1207 2964 nos:
1238 2922 1372 2976 patre
1406 2918 1612 2962 succedit
1643 2919 1705 2962 M

99 2983 156 3021 27
191 2978 316 3035 apud
348 2978 640 3023 clamatioms
674 2980 737 3022 M
