1939 3197
174 121 243 173 80
871 118 990 164 ODE
1022 119 1102 175 111,
1139 123 1180 163 3.

175 275 246 309 an
277 258 338 308 ut
369 256 561 308 mereri
595 254 862 324 stipendia
894 253 1091 305 milites
1125 254 1386 306 dicimus?
1490 254 1559 306 14
1593 253 1866 306 indocili

171 331 390 399 iugum
453 330 617 382 collo
682 328 1040 381 trahentes:
1107 328 1308 396 alioqui
1369 328 1571 380 scilicet
1631 326 1884 396 indocili,

171 423 286 457 non
332 405 516 472 utique
558 404 720 455 etiam
768 402 866 454 sub
907 401 1101 454 Libero
1141 405 1317 471 patre,
1365 403 1456 470 qui
1496 420 1586 454 eas
1627 401 1867 454 docuerit

174 479 363 548 iugum
404 496 559 530 suum
598 476 827 528 trahere.
961 477 1025 528 17
1068 479 1321 546 gratum
1361 477 1619 528 elocuta
1658 475 1866 528 consi-

130 569 151 602 5
174 552 497 604 liantibus
558 550 806 602 Iunone
870 550 1052 602 diuis.
1153 550 1659 602 consiliantibus
1721 567 1867 601 nunc

175 625 252 677 ‘in
292 625 516 678 consilio
559 623 865 693 agentibus'
905 624 1344 693 intellegendum.
1407 626 1489 676 est
1528 626 1709 675 autem
1750 641 1867 675 sen-

175 717 286 752 sus:
327 699 535 752 Iunone
562 700 787 767 elocuta,
828 698 971 766 quod
995 700 1112 750 erat
1136 716 1257 750 cum
1298 697 1414 766 diis,
1454 697 1598 766 apud
1637 715 1771 766 quos
1809 697 1868 749 in

175 773 398 826 consilio
454 773 790 841 loquebatur.
890 774 1143 841 gratum
1201 772 1458 824 elocuta
1513 771 1866 824 consilian-

172 848 347 900 tibus
394 846 435 899 I.
484 848 530 899 d.
630 865 743 899 non
790 848 871 898 est
918 846 1024 898 alia
1069 846 1202 898 haec
1250 841 1366 918 ᾠδὴ
1409 864 1571 914 quam
1610 847 1867 914 superior,

110 940 151 971 10
178 921 271 975 sed
310 922 389 973 illi
430 921 698 973 adhaeret.
799 938 961 988 quare
1000 920 1287 988 falluntur,
1337 920 1429 988 qui
1468 938 1558 972 eas
1599 923 1868 989 separant,

177 996 374 1064 quippe
415 1013 535 1047 cum
575 995 860 1047 manifeste
901 995 1050 1062 operi
1089 994 1379 1046 adhaereat
1408 994 1512 1046 hoc
1544 994 1726 1047 modo:
1765 993 1867 1046 hac

177 1068 433 1131 Quirinus
480 1068 671 1121 Martis
721 1069 869 1137 equis
917 1068 1231 1121 Acheronta
1276 1068 1441 1137 fugit,
1489 1071 1706 1137 gratum
1761 1068 1868 1120 elo-

176 1146 345 1211 quuta
378 1143 789 1195 consiliantibus
822 1141 1030 1195 Iunone
1063 1143 1217 1194 diuis,
1274 1142 1544 1212 significat
1575 1142 1719 1194 enim
1749 1142 1869 1211 1106,

174 1217 468 1285 Romulum
514 1218 571 1268 in
619 1218 826 1269 6616111111
872 1220 1146 1284 receptum
1195 1216 1404 1269 Iunone
1454 1217 1564 1268 iam
1618 1216 1868 1285 mitigata

110 1308 152 1341 15
175 1290 436 1343 Romanis
446 1333 460 1359 ,
522 1291 715 1359 quibus
770 1294 992 1358 propter
1045 1290 1203 1358 iram,
1267 1309 1428 1358 quam
1488 1291 1547 1342 in
1602 1290 1867 1343 Troianos

174 1364 379 1433 habuit,
419 1364 749 1433 aliquamdiu
788 1365 928 1416 irata
959 1369 1066 1427 fuit.
1171 1364 1237 1416 19
1278 1364 1504 1416 fatalis
1544 1364 1867 1417 incestus-

176 1457 292 1507 que
331 1439 534 1491 iudex.
595 1439 727 1491 haec
760 1439 867 1490 iam
906 1437 1131 1491 Iunonis
1163 1439 1329 1490 uerba
1369 1441 1496 1491 sunt
1533 1438 1593 1490 in
1625 1439 1866 1493 consilio.
1937 1471 1939 1474 ⁴

288 1513 359 1564 522
398 1513 553 1564 mihi
594 1516 936 1580 castaeque
970 1513 1336 1564 damnatum
1367 1511 1712 1565 Mineruae.
1768 1532 1865 1582 pro
1923 1520 1933 1530 ⁸

177 1585 227 1637 ‘a
266 1585 386 1638 me'.
524 1586 593 1638 23
637 1587 1024 1638 damnatum:
1073 1585 1234 1637 Ilium
1274 1587 1489 1638 scilicet.
1632 1586 1704 1639 25
1744 1587 1867 1640 iam

110 1679 153 1711 20
176 1678 293 1712 nec
334 1659 664 1712 Lacaenae
717 1660 1015 1729 splendet
1055 1660 1385 1712 adulterae
1432 1660 1718 1713 famosus
1756 1661 1866 1714 ho-

177 1752 333 1801 spes.
396 1735 671 1803 eleganter
694 1734 827 1786 haec
853 1734 1117 1803 dicuntur,
1142 1734 1334 1802 quibus
1362 1734 1515 1803 quasi
1541 1735 1778 1787 ostendit
1811 1753 1866 1788 se

174 1807 312 1860 Iuno
362 1808 428 1859 ad
476 1808 899 1861 satisfactionem
946 1826 1114 1876 usque
1162 1809 1424 1861 ultionem
1463 1809 1762 1877 percepisse
1803 1810 1866 1862 de

175 1882 436 1934 Troianis
554 1883 625 1933 34
673 1883 920 1934 discere
960 1883 1245 1934 nectaris
1288 1901 1471 1935 sucos
1520 1883 1575 1934 id
1622 1886 1726 1935 est:
1777 1884 1866 1936 ad-

178 1973 420 2008 suescere
461 1956 743 2024 saporibus
784 1957 1031 2008 nectaris.
1133 1957 1200 2007 37
1244 1957 1384 2008 dum
1422 1958 1656 2026 longus
1696 1958 1868 2009 inter

109 2047 152 2079 25
179 2029 432 2081 saeuiat
469 2029 639 2082 Ilion
678 2030 1063 2098 Romamque
1104 2033 1356 2098 pontus.
1419 2030 1546 2082 dum
1586 2031 1748 2100 longe
1783 2032 1867 2098 sit,

175 2104 367 2172 inquit,
407 2104 473 2155 ab
513 2103 614 2156 Ilio
655 2104 844 2173 Roma,
883 2104 942 2155 in
982 2104 1221 2172 qualibet
1259 2107 1410 2172 parte
1452 2104 1597 2157 orbis
1632 2105 1868 2157 Romani

177 2180 440 2245 quantum
480 2178 538 2229 in
576 2196 660 2230 me
702 2182 783 2230 est
822 2181 1066 2247 regnent.
1129 2179 1404 2247 eleganter
1438 2178 1527 2230 1116
1565 2179 1868 2247 peruicacia

175 2295 344 2346 iratae
384 2296 442 2346 in
481 2295 743 2348 Troianos
786 2296 913 2348 deae
964 2297 1293 2364 exprimitur.
1445 2298 1515 2349 39
1567 2299 1600 2362 ἦ·
1639 2301 1868 2366 regnat

179 2369 409 2420 obeati.
448 2373 738 2438 regnant.
780 2380 827 2421 ὅ.
889 2389 986 2437 pro
1020 2374 1264 2439 regnent,
1305 2371 1538 2422 secunda
1568 2389 1666 2438 pro
1706 2371 1868 2423 tertia
1921 2406 1930 2434 ·.

112 2463 156 2494 30
181 2460 414 2511 persona
439 2446 534 2510 est,
565 2446 626 2494 ut
659 2446 741 2494 est
773 2443 906 2494 illud
939 2443 1411 2512 Uergilianum:
1454 2443 1710 2496 Tertius
1751 2444 1866 2496 Ar-

179 2517 393 2584 golica
439 2516 556 2568 hac
612 2517 796 2586 galea
852 2520 1199 2569 contentus
1256 2517 1446 2569 abito,
1597 2518 1670 2570 40
1726 2518 1867 2571 dum

177 2589 415 2641 Priami
476 2590 857 2659 Paridisque
919 2591 1106 2643 busto
1169 2591 1446 2643 insultet
1508 2596 1866 2645 armentum

298 2741 353 2779 30
387 2737 499 2780 Aen.
535 2739 573 2791 5,
608 2740 694 2778 314

298 2860 322 2896 9
358 2868 450 2908 qua
485 2854 547 2896 M
667 2859 720 2897 10
753 2853 937 2897 adher&
971 2859 1010 2898 et
1043 2855 1266 2899 adhereat
1300 2856 1362 2898 M
1482 2861 1534 2899 11
1567 2855 1738 2912 priori?

182 2915 236 2953 14
268 2913 498 2956 romolum
532 2913 594 2955 M
746 2918 797 2956 19
831 2913 966 2956 1llum
1000 2915 1062 2956 M
1225 2920 1279 2958 20
1312 2915 1574 2958 Lacaenae:
1606 2915 1771 2961 helene
1807 2917 1871 2960 M
1931 2934 1939 2999 ξ’

298 2971 532 3017 adulterre
567 2973 630 3015 M
763 2977 817 3015 22
849 2987 994 3028 usque
1035 2973 1095 3017 ad
1126 2973 1353 3017 ultionem
1386 2974 1450 3017 M
1581 2979 1634 3018 23
1668 2977 1865 3020 necteris

179 3042 338 3072 sucum
372 3030 435 3073 M
552 3036 606 3075 29
644 3031 800 3088 13611ιῖ3]
831 3033 1025 3089 regnato
1057 3034 1325 3078 selzolwsten
1355 3034 1509 3090 leyisse
1531 3038 1672 3089 putat
