1939 3197
637 48 756 93 ODE
790 49 875 105 ΠΙ,
909 53 966 94 20
996 50 1044 93 et
1075 54 1146 94 21.
1636 49 1739 102 107

44 187 184 239 --citet
223 188 275 238 et
315 186 363 237 ei
405 183 680 237 extrahere
721 186 958 236 conetur.
1109 185 1141 237 3
1196 185 1473 237 inaudax
1541 186 1596 237 id
1635 189 1739 241 est:

53 278 166 314 non
205 259 390 327 audax,
430 277 490 311 ac
527 275 623 326 per
659 257 783 326 hoc,
823 258 1057 310 timidus
1171 259 1204 311 6
1259 259 1382 311 ibit
1419 259 1740 329 insignem

51 336 347 403 repetens
416 330 773 384 Nearchum
865 332 1104 401 grande
1203 336 1525 385 certamen
1617 336 1740 388 tibi

50 407 286 477 praeda
347 406 530 459 cedat
590 405 791 458 maior
830 424 907 457 an
939 406 1056 458 illi.
1141 407 1450 459 obscurauit
1489 408 1739 462 elocutio-

47 499 175 533 nem
208 481 349 550 quod
396 483 664 532 certamen
713 480 891 548 ipsum
944 480 1020 532 ire
1076 480 1229 549 dixit,
1283 499 1394 534 non
1448 483 1740 553 mulierem,
1762 502 1783 535 5

51 574 186 625 quae
249 558 521 607 certamen
576 571 696 606 cum
749 553 916 622 Pyrro
977 554 1187 606 factura
1243 555 1312 607 sit
1366 556 1585 624 cupiens
1641 559 1738 610 eri-

45 647 175 698 pere
216 629 264 680 ei
301 627 610 681 Nearchum
647 646 888 696 puerum.
985 629 1052 680 10
1106 628 1261 681 haec
1301 629 1524 682 dentes
1566 632 1741 685 acuit

47 702 382 755 timendos.
459 703 595 754 belle
634 702 737 754 hoc
777 702 971 753 dicitur
1009 702 1072 754 de
1106 720 1182 770 66,
1223 721 1382 771 quam
1406 704 1514 755 iam
1538 704 1739 759 dudum

40 776 148 829 *sub
210 777 425 829 nomine
479 777 697 828 leaenae
758 776 1001 845 intellegi
1040 777 1230 828 uoluit.
1364 778 1428 829 11
1493 779 1739 832 arbiter

11 867 298 919 4pugnae
338 850 635 919 posuisse
674 849 841 902 nudo
885 850 997 902 sub
1035 850 1192 918 pede
1232 851 1519 919 palmam.
1595 853 1805 908 huncio

45 942 270 993 puerum
326 924 586 976 arbitrum
648 924 954 976 certaminis
1019 942 1133 977 esse
1195 924 1328 977 dixit
1389 928 1443 977 et
1501 927 1740 995 palmam

47 999 411 1051 contentionis
465 998 634 1067 ipsius
689 998 917 1067 calcare3
979 1016 1077 1067 per
1131 999 1273 1067 quod
1325 999 1569 1070 intellegi
1622 1003 1740 1054 uult

34 1072 197 1124 ‘illum
257 1072 517 1125 uictorem
579 1072 887 1124 certaminis
947 1072 1211 1142 futurum,
1273 1074 1357 1126 cui
1420 1093 1475 1126 se
1528 1075 1738 1129 tradere

39 1146 290 1198 uoluerit.
409 1147 476 1198 15
531 1147 740 1214 qualis
796 1150 905 1198 aut
943 1145 1174 1199 Nireus
1197 1116 1354 1200 ⁷.fuit
1431 1146 1582 1200 Nirei
1621 1151 1737 1218 pul-

47 1219 403 1272 chritudinem
443 1223 496 1272 et
534 1219 847 1272 Homerus
871 1221 1217 1293 praedicauit,
1241 1239 1362 1273 cum
1387 1222 1486 1274 ait·
1526 1219 1737 1292 Νιρεὺς
1761 1247 1804 1280 15

47 1288 109 1355 ὃς
170 1291 458 1355 κάλλιστος
526 1288 670 1362 ἀνὴρ
732 1289 839 1347 ὑπὸ
887 1290 1068 1347 Ἴλιον
1129 1294 1321 1363 ἦλθεν.
1499 1296 1567 1349 15
1629 1301 1737 1350 aut

46 1386 285 1436 aquosa
324 1373 548 1437 raptus
589 1368 663 1420 ab
703 1368 828 1420 Ida.
906 1367 1257 1437 Ganymeden
1298 1369 1580 1439 significat.

741 1513 860 1557 ODE
895 1518 935 1568 3,
969 1518 1039 1557 21.

193 1602 237 1657 O
277 1606 430 1656 nata
479 1622 717 1656 mecum
773 1605 1034 1657 consule
1075 1604 1342 1658 -Manlio.
1419 1606 1736 1660 Ioculariter

38 1677 381 1747 amphoram,
428 1696 587 1747 quam
627 1679 684 1730 in
722 1679 985 1732 ueterario
1025 1679 1282 1749 habebat,
1322 1680 1628 1750 adloquitur
1667 1686 1735 1752 et,
1759 1699 1800 1730 20

42 1755 104 1804 ut
143 1752 470 1821 ostenderet,
526 1771 686 1822 quam
733 1756 1007 1806 uetustum
1052 1753 1241 1806 uinum
1279 1754 1499 1823 habeat,
1555 1774 1733 1808 secum

38 1829 230 1879 natam
270 1826 414 1878 dixit.
493 1829 718 1896 apparet
764 1830 943 1880 autem
980 1827 1233 1880 Flaccum
1273 1830 1489 1881 consule
1527 1829 1732 1883 Manlio

47 1903 235 1953 natum
257 1918 386 1953 esse.
482 1901 515 1964 2
559 1919 666 1953 seu
705 1903 772 1953 tu
811 1902 1133 1970 querellas
1175 1903 1308 1955 siue
1348 1903 1517 1972 geris
1557 1904 1732 1956 iocos

36 1993 152 2026 seu
205 1974 405 2026 rixam
462 1977 523 2026 et
575 1975 840 2028 insanos
897 1994 1142 2028 amores
1191 1995 1299 2028 seu
1338 1977 1596 2029 facilem
1625 1978 1733 2046 pia

42 2050 215 2099 testa
256 2066 555 2100 somnum.
617 2049 754 2100 belle
792 2049 925 2100 haec
966 2049 1228 2117 dicuntur,
1269 2049 1394 2119 quia
1417 2069 1514 2119 per
1543 2051 1731 2103 uinum
1755 2065 1798 2099 25

44 2120 136 2172 alii
177 2122 460 2189 querellosi
485 2122 577 2173 alii
606 2122 803 2174 hilares
838 2141 898 2175 ac
923 2123 1090 2175 iocosi
1114 2123 1265 2192 fiunt,
1305 2124 1523 2192 quidam
1553 2125 1733 2177 rixant

42 2194 102 2245 in
132 2195 402 2264 conuiuiO,
467 2195 682 2264 quidam
722 2196 780 2247 in
819 2196 1166 2265 cupiditatem
1204 2198 1476 2250 ueneriam
1516 2199 1732 2251 efferue-

42 2271 214 2337 scunt‚
251 2270 499 2322 nonnulli
539 2269 897 2323 obdormiunt.
1013 2272 1042 2323 7
1101 2271 1411 2324 descende
1451 2270 1729 2326 Coruino

38 2342 315 2395 iubente.
407 2343 677 2412 significat
734 2363 788 2396 se
828 2344 1118 2398 Messalam
1155 2344 1448 2398 Coruinum
1497 2365 1730 2422 pascere

36 2416 99 2470 111
175 2418 322 2469 cuius
393 2417 678 2470 honorem
706 2418 846 2472 hanc
926 2420 1348 2472 uetustissimam
1416 2421 1531 2473 uini
1600 2440 1708 2473 am·
1746 2436 1788 2467 30

162 2596 215 2634 15
247 2591 356 2635 Ilias
389 2597 430 2647 2,
464 2597 546 2637 637

158 2744 186 2781 4
218 2739 402 2794 praedit
436 2774 445 2782 .
480 2773 489 2782 .
523 2740 689 2784 anmlh
722 2741 784 2783 M
882 2746 934 2785 12
970 2742 1170 2796 calcare3
1202 2757 1286 2799 per
1315 2755 1418 2787 nos:
1450 2740 1729 2785 calcaerefer

43 2797 106 2840 M
249 2803 303 2841 14
356 2811 519 2842 nereus
554 2834 562 2842 .
596 2835 607 2844 .
640 2813 767 2844 nerei
809 2800 872 2842 M
1020 2805 1075 2844 15
1130 2798 1308 2855 Νιρεὺς
1339 2797 1411 2851 ὃςε
1469 2800 1726 2845 ΝΗΡΕΥΕΟ

39 2860 82 2899 et
112 2857 252 2901 ΙΑΙΟΝ
289 2857 352 2900 Μ
476 2861 532 2901 20
565 2858 854 2903 adamforam
888 2860 951 2902 M
970 2911 973 2914 Α
1082 2865 1137 2903 22
1171 2860 1368 2905 Manlio:
1402 2859 1494 2903 6110
1528 2859 1592 2903 Μ

40 2919 97 2958 25
137 2931 170 2960 s.
195 2929 415 2973 oymnum
458 2916 521 2959 M
667 2922 722 2962 26
764 2919 1043 2973 quaerellosu
1076 2919 1139 2962 M
1285 2924 1342 2964 26
1374 2918 1492 2962 fiunt
1521 2932 1626 2963 nos:
1681 2920 1729 2963 et

42 2974 107 3017 Μ
238 2980 292 3019 29
326 2990 373 3020 se
407 2974 444 3018 Sc
472 2976 724 3019 messulam
755 2977 792 3020 86
823 2991 1064 3021 coruinum
1097 2979 1160 3021 M
