1939 3197
598 58 800 103 SERMO
833 60 866 115 Ι,
899 67 940 116 3,
976 66 1161 119 133-4,
1198 69 1265 107 11.
1668 65 1774 117 207

92 196 359 263 peruenit,
406 198 467 246 ut
515 197 568 246 et
618 196 956 249 consulatum
995 200 1205 267 gereret
1243 201 1296 250 et
1333 200 1548 266 publico
1589 201 1774 254 funere

94 270 380 322 efferretur.
447 269 550 321 133
583 270 839 321 uellunt
869 272 992 324 tibi
1026 272 1288 324 barbam
1321 273 1559 326 lasciui
1589 277 1774 343 pueri

93 349 146 396 et
185 345 402 413 reliqua.
481 362 584 411 quo
627 344 786 396 modo
826 363 920 396 rex
959 364 1028 414 es,
1067 346 1258 415 inquit,
1298 345 1488 416 Stoice,
1528 366 1648 400 cum
1686 369 1772 417 pe-

91 418 378 470 tulantiam
425 435 711 485 puerorum
752 418 975 471 barbam
1014 420 1113 472 tibi
1145 421 1461 473 uellentium
1484 441 1595 474 non
1621 423 1775 475 aliter

89 492 263 561 possis
303 492 554 559 repellere
596 510 756 560 quam
795 494 849 544 ui
888 494 942 545 id
983 497 1064 546 est
1103 494 1291 546 baculo
1331 498 1440 548 tuo.
1502 515 1597 565 per
1630 498 1771 565 quod
1796 511 1816 542 5

90 567 326 618 ostendit
348 567 643 618 uanissima
666 568 1011 634 persuasione
1052 569 1153 620 sibi
1193 587 1282 621 eos
1323 570 1592 622 uindicare
1633 572 1773 639 quod

87 658 424 709 nequaquam
463 640 710 692 habeant.
845 642 945 693 137
990 642 1133 693 dum
1171 646 1238 693 tu
1279 645 1642 712 quadrante
1682 647 1771 698 la-

86 718 301 766 uatum
349 732 456 765 rex
511 715 653 766 ibis.
745 733 1004 784 perquam
1051 717 1265 768 urbane.
1359 735 1544 770 sensus
1593 722 1771 771 autem

87 792 190 840 est:
241 788 493 856 quamdiu
546 792 607 839 tu
663 789 807 840 solus
862 790 1069 841 lauabis
1126 791 1422 859 quadrante
1470 792 1771 844 balneatori

86 862 211 914 dato
273 880 446 931 neque
506 863 790 930 quisquam
843 864 944 915 tibi
998 864 1342 916 comitabitur
1395 869 1770 934 praeterquam
1795 884 1836 914 10

83 955 220 988 unus
261 935 538 1004 Crispinus
580 936 887 1004 disciplinae
929 935 1136 990 Stoicae
1177 942 1430 1009 sectator,
1475 940 1631 992 facile
1672 941 1772 992 erit

85 1012 160 1064 sic
197 1029 308 1063 non
355 1010 565 1063 credere
612 1012 764 1079 paria
813 1030 926 1063 esse
973 1015 1194 1080 peccata
1243 1014 1505 1082 omnium,
1553 1018 1614 1065 ut
1659 1033 1769 1067 non

82 1086 313 1153 probent
357 1087 410 1136 te
457 1102 637 1154 regem
678 1103 808 1137 esse.
938 1087 1042 1138 142
1089 1087 1515 1156 priuatusque
1562 1090 1768 1157 magis

82 1160 266 1211 uiuat
302 1162 365 1210 te
403 1176 553 1228 rege
593 1159 837 1211 beatus,
937 1161 1066 1213 ordo
1115 1164 1167 1213 et
1215 1179 1402 1214 sensus
1451 1166 1554 1215 est:
1595 1163 1767 1232 magis

84 1234 272 1285 beatus
312 1233 460 1284 uiuet
498 1234 740 1301 priuatus
782 1253 944 1302 quam
982 1237 1042 1286 tu
1081 1254 1187 1286 rex.
1792 1252 1833 1284 15

753 1379 954 1424 SERMO
994 1386 1031 1436 1,
1064 1386 1105 1425 4.

229 1469 502 1538 Eupolis
560 1474 749 1539 atque
805 1469 1109 1523 Cratinus
1157 1473 1765 1557 Aristophanesque

79 1547 308 1613 poetae
350 1547 540 1611 atque
581 1545 709 1597 alii.
799 1545 855 1597 lm·
893 1546 1146 1598 archaeas
1195 1548 1494 1600 comoedias
1544 1548 1764 1617 scripse-

78 1622 226 1686 1·‚unt
273 1619 330 1670 in
370 1619 561 1701 quibus
603 1619 798 1671 ciuium
845 1620 980 1671 uitia
1030 1622 1384 1673 amaritudine
1433 1623 1541 1674 stili
1586 1623 1763 1690 prodi-

80 1693 285 1744 derunt.
347 1693 478 1744 mire
505 1696 682 1745 autem
714 1712 809 1762 per
831 1694 963 1746 haec
1004 1694 1155 1764 origo
1197 1700 1410 1747 saturae
1450 1697 1762 1748 ostenditur.
1788 1713 1830 1744 20

229 1768 258 1818 7
308 1767 572 1819 mutatis
620 1771 870 1820 tantum
910 1769 1184 1837 pedibus
1223 1771 1630 1839 numerisque
1670 1771 1762 1823 fa-

78 1843 282 1909 cetus,
330 1841 454 1909 quia
503 1841 708 1894 scilicet
749 1843 852 1894 alio
893 1845 1063 1895 metro
1104 1844 1187 1896 usi
1229 1847 1369 1913 sunt,
1407 1847 1496 1911 qm
1535 1840 1764 1913 ἀρχαίας

77 1915 378 1967 comoedias
415 1916 756 1983 scripserunt,
794 1917 900 1969 alio
924 1916 1157 1969 Lucilius
1199 1922 1406 1970 saturas
1447 1919 1762 1986 composuit.

190 1990 220 2040 8
264 1992 591 2041 emunctae
632 1991 809 2042 naris
849 1991 903 2042 id
943 1994 1045 2042 est:
1087 1995 1261 2044 tersus
1302 1996 1462 2061 atque
1488 1993 1761 2062 eleganter

75 2062 255 2130 dicens
296 2066 349 2113 et
386 2063 580 2116 ridens,
733 2065 763 2116 9
812 2065 877 2115 in
916 2065 1071 2116 hora
1112 2085 1300 2134 saepe
1342 2067 1650 2119 ducentos
1690 2070 1758 2117 ut
1781 2082 1824 2114 25

76 2154 370 2206 magnum
409 2155 630 2189 uersus
672 2138 960 2191 dictabat
1000 2143 1180 2192 stans
1219 2141 1373 2208 pede
1406 2141 1472 2193 in
1502 2160 1624 2193 uno
1657 2140 1759 2193 hoc

76 2213 181 2262 est:
221 2229 477 2280 magnam
515 2231 629 2263 rem
670 2230 724 2264 se
763 2213 936 2265 facere
977 2217 1196 2283 putam,
1245 2215 1289 2267 si
1334 2216 1532 2267 multos
1572 2233 1757 2267 uersus

74 2284 298 2338 minimo
338 2287 673 2353 tempusculo
716 2287 953 2339 dictaret.
1095 2290 1158 2340 11
1210 2308 1344 2342 cum
1391 2290 1627 2341 flueret
1665 2290 1756 2340 lu-

72 2360 364 2411 tulentus
406 2364 542 2412 erat
582 2361 744 2429 quod
777 2363 1008 2414 tollere
1041 2364 1242 2415 uelles
1271 2366 1578 2432 [possessa]
1634 2363 1755 2415 alle-

191 2510 216 2546 3
250 2519 376 2548 cum:
411 2519 496 2549 con
523 2507 584 2549 M
696 2512 720 2551 5
755 2508 920 2551 uaculo
949 2509 1011 2551 M
1145 2515 1169 2553 6
1202 2510 1469 2554 Namsmma
1495 2510 1557 2552 M
1583 2508 1755 2552 inanis-

75 2563 220 2606 sima?
344 2569 396 2607 12
431 2566 665 2609 crederere
700 2568 762 2609 M
882 2573 932 2610 13
966 2569 1164 2624 probes>
1291 2575 1342 2612 15
1375 2570 1564 2613 beatum
1599 2569 1660 2610 M

77 2628 130 2665 16
161 2623 268 2665 huic
298 2625 506 2680 sermoni,
543 2627 622 2681 qui
653 2628 899 2670 secundum
930 2629 1154 2683 sequitur,
1185 2630 1456 2684 inscriptmn
1496 2632 1558 2670 est
1590 2629 1641 2669 in
1674 2627 1753 2669 M.-

70 2680 355 2725 EGLOGAi
599 2690 650 2727 17
685 2688 896 2742 gratinus
929 2687 1295 2744 aristofanesque
1330 2689 1392 2730 M
1512 2692 1563 2730 18
1597 2699 1753 2729 arceas

72 2740 304 2785 comedias
338 2682 423 2784 BIV
534 2749 585 2787 19
620 2745 787 2788 scilic&
818 2745 1123 2801 prodiderunt
1156 2748 1215 2790 M
1247 2747 1343 2790 stili
1373 2746 1695 2802 prosciderunt
1726 2760 1754 2799 ς

59 2834 66 2838 .
192 2806 248 2844 20
281 2803 435 2856 satyre
470 2803 533 2845 M
650 2809 704 2847 22
738 2820 811 2847 um
847 2808 866 2845 ἔ
897 2805 1083 2861 (incipit
1113 2807 1146 2860 f.
1181 2811 1284 2861 339
1308 2821 1399 2862 apx
1426 2831 1434 2838 ·
1461 2819 1544 2848 eac
1571 2829 1579 2837 ·
1605 2817 1753 2847 come-

72 2858 172 2903 dias
200 2860 263 2903 M
365 2865 419 2903 23
454 2863 633 2918 satyras
667 2863 729 2906 M
839 2868 895 2907 24
927 2864 1173 2909 hemuncte
1208 2867 1271 2908 M
1381 2870 1436 2908 25
1462 2865 1618 2907 dicens
1649 2876 1753 2906 nos:

70 2918 236 2963 decens
271 2920 332 2963 M
500 2934 739 2979 inoresepe
776 2923 837 2966 ΠΙ
992 2929 1046 2967 29
1081 2938 1171 2980 quo
1207 2926 1269 2967 M
1423 2937 1582 2980 posses
1616 2924 1751 2966 initer-

61 2980 264 3032 pretatio
295 2980 426 3023 uerbi
456 2980 601 3024 uelles
633 2986 696 3024 est
