1939 3197
600 65 901 109 EPISTULA
932 65 988 120 ΙΙ,
1024 71 1062 119 1,
1097 69 1254 109 5-15,
1677 64 1780 116 311

93 199 378 255 commoda'
420 218 489 252 an
529 198 611 251 ein
649 201 864 268 publica
897 198 1177 252 commoda
1215 203 1474 267 peccem’.
1589 199 1623 251 5
1662 199 1783 252 Ro-

95 276 300 327 mulus
355 277 416 326 et
468 272 670 325 Liber.
762 274 979 326 laudata
1039 273 1238 325 uirtute
1294 271 1537 325 Caesaris
1601 274 1786 325 laudat

96 350 257 401 etiam
297 347 627 415 felicitatem,
680 349 771 415 qui
825 348 973 415 dicit,
1024 346 1147 399 huic
1203 347 1304 398 soli
1359 347 1674 416 contigisse,
1726 351 1785 399 ut

93 423 235 474 inter
271 422 515 473 homines
568 421 728 472 etiam
783 440 924 473 nunc
979 421 1155 489 posito
1195 421 1303 472 iam
1345 421 1514 472 diuini
1552 420 1783 473 honores

95 496 471 563 decernantur,
528 495 669 563 quod
723 495 858 546 nulli
913 513 1224 548 concessum
1273 495 1343 546 sit
1381 495 1596 562 horum,
1651 513 1783 563 quos
1809 506 1829 539 5

95 572 391 637 enumerat⁷
429 569 533 620 1100
573 571 675 636 est,
723 568 952 622 Romulo
993 568 1185 621 Libero
1227 566 1440 620 Castori
1488 572 1542 620 et
1580 567 1786 621 Polluci

94 646 147 695 et
186 661 307 696 cum
344 643 428 694 his
468 641 702 695 Herculi.
781 646 834 694 et
881 646 962 696 est
1009 643 1162 695 ordo:
1217 642 1478 694 Romulus
1535 645 1588 694 et
1626 641 1787 694 Liber

92 717 220 768 dum
256 720 427 768 terras
467 716 853 785 hominumque
893 735 933 769 c.
975 734 1141 786 genus
1184 734 1229 769 a.
1267 734 1396 767 nam
1433 717 1526 784 illi,
1568 716 1630 768 de
1670 717 1786 785 qui-

0 821 4 823 >
92 791 193 842 bus
237 808 399 858 supra
445 790 579 841 dixit
633 793 782 858 post
835 791 1135 860 ingentia
1184 790 1356 841 facta
1411 790 1670 842 deorum
1720 791 1785 841 in

92 865 332 933 templa
386 865 651 932 recepti7
708 866 846 916 sunt.
963 865 994 916 8
1053 881 1241 932 agros
1294 864 1645 932 adsignant
1683 863 1785 916 hoc
1811 876 1852 907 10

94 941 196 989 est:
267 937 504 989 colonias
569 937 838 990 deducunt
900 938 1239 1006 conduntque
1302 938 1524 989 urbibus
1587 937 1784 989 milites

92 1029 231 1064 suos.
345 1012 377 1062 9
434 1012 788 1080 plorauere.
865 1012 984 1080 plus
1041 1012 1174 1063 dixit
1213 1030 1372 1079 quam
1431 1010 1786 1063 edoluerunt'.

208 1086 276 1137 10
339 1085 540 1136 diram
604 1086 710 1154 qui
779 1086 1074 1138 contudit
1133 1085 1429 1153 Hydram.
1527 1084 1785 1137 Hercules

91 1159 307 1211 scilicet.
387 1162 440 1210 et
489 1159 624 1210 bene
678 1160 780 1211 hoc
822 1160 1004 1229 elegit,
1061 1159 1200 1228 quod
1239 1160 1382 1211 inter
1420 1159 1631 1211 labores
1672 1159 1784 1210 eius

90 1233 176 1293 uel
213 1233 505 1284 maximum
544 1232 661 1284 fuit.
781 1234 844 1284 11
898 1236 1050 1286 11013
1088 1235 1405 1302 portenta.
1484 1250 1617 1301 quae
1660 1235 1784 1285 sunt
1810 1243 1852 1276 15

0 1356 4 1359 ,
89 1307 149 1358 111
188 1306 296 1358 XII
333 1306 578 1358 Herculis
618 1307 893 1359 laboribus
934 1307 1221 1359 diffamata.
1342 1308 1405 1358 11
1462 1307 1655 1358 fatali
1695 1307 1784 1358 la-

89 1381 256 1433 bore.
333 1384 514 1433 utrum
555 1398 712 1449 quem
753 1381 819 1432 ad
866 1382 1084 1434 modum
1124 1380 1451 1450 Uergilius
1508 1381 1642 1432 dixit
1701 1379 1786 1432 Ut

91 1454 282 1506 duros
335 1455 513 1506 mille
561 1455 815 1508 labores
867 1473 1014 1524 rege
1071 1456 1182 1507 sub
1222 1454 1587 1523 Eurystheo
1627 1454 1784 1506 fatis

0 1534 4 1535 ⁷
89 1528 382 1596 IunoniS,
436 1546 507 1581 cm-
554 1528 743 1581 fatali
790 1547 887 1598 pro
928 1529 1144 1597 capitali
1198 1547 1259 1581 ac
1306 1530 1532 1581 molesto
1572 1531 1633 1580 ut
1670 1528 1784 1596 ipse

1 1661 15 1665 Λ
90 1603 220 1655 311101
295 1602 471 1654 Ilion
523 1602 751 1655 fatalis
791 1604 1208 1673 incestusque
1249 1603 1456 1654 iudex.
1575 1603 1641 1655 12
1684 1613 1852 1654 su-20

8 1700 11 1701 ⁷
89 1694 305 1744 premo
360 1676 490 1729 fine
549 1676 603 1727 id
658 1679 739 1738 est
792 1680 979 1729 morte.
1044 1680 1096 1729 et
1135 1680 1218 1729 est
1258 1695 1469 1729 sensus:
1533 1679 1783 1745 expertus

3 1781 7 1784 ν
90 1752 173 1802 est
211 1750 471 1802 inuidiam
510 1753 638 1804 tunc
677 1751 842 1819 finiri,
884 1770 1001 1803 cum
1043 1751 1206 1802 etiam
1245 1751 1359 1802 uita
1396 1751 1597 1803 finitur.
1717 1750 1782 1802 13

89 1824 221 1876 urit
260 1825 424 1876 enim
463 1825 722 1893 fulgore
765 1843 889 1877 suo.
967 1825 1232 1878 rationem
1272 1825 1514 1893 exponit,
1565 1828 1785 1892 propter

91 1916 252 1965 quam
291 1899 468 1950 minus
510 1900 760 1950 coluntur
798 1899 926 1967 uiui,
968 1899 1058 1968 qui
1097 1900 1297 1950 uirtute
1338 1899 1526 1950 ceteris
1554 1898 1782 1950 antecel-

89 1971 223 2039 lunt⁷
262 1974 386 2039 post
426 1972 632 2024 obitum
673 1972 981 2041 diliguntur.
1058 1972 1239 2040 grauis
1280 1974 1362 2023 est
1394 1972 1553 2040 enim,
1593 1971 1783 2039 inquit,
1808 1980 1850 2013 25

89 2044 433 2097 inferioribus
489 2049 542 2097 et
590 2045 732 2097 infra
769 2046 959 2113 positis
999 2049 1179 2113 nocet,
1231 2046 1322 2113 qui
1369 2046 1574 2097 artibus
1626 2045 1783 2097 bonis

88 2122 293 2172 ceteros
355 2119 546 2187 uincit3
612 2120 702 2171 sed
756 2120 1047 2188 requiritur
1100 2123 1283 2171 tamen
1337 2138 1398 2171 30
1454 2119 1786 2171 desideratur

88 2193 370 2245 extinctus.
510 2194 577 2245 13
632 2193 762 2245 urit
813 2195 980 2246 enim
1017 2193 1284 2261 fulyore:
1348 2193 1628 2261 splendore
1680 2210 1783 2261 quo

0 2320 1 2323 ,
90 2265 276 2335 fulget,
317 2270 370 2318 et
408 2267 544 2319 bene
584 2268 714 2319 urit
755 2267 822 2318 ad
860 2268 1126 2336 fulgorem
1165 2267 1363 2319 retulit.
1480 2267 1547 2319 15
1597 2285 1781 2335 prae-

7 2401 10 2403 *
91 2341 285 2392 senti:
336 2341 566 2410 uiuenti,
619 2341 710 2393 sed
765 2341 1094 2409 splendidius
1134 2341 1236 2393 hoc
1277 2344 1357 2393 est
1398 2341 1538 2410 quod
1578 2342 1777 2410 glosse-
1804 2348 1846 2381 30

210 2534 262 2572 17
294 2531 409 2573 Aen.
443 2535 482 2584 s,
518 2535 601 2574 291
725 2535 781 2574 20
817 2529 902 2575 Od.
935 2535 975 2584 3,
1010 2535 1050 2585 3,
1087 2535 1139 2574 18

209 2697 234 2735 3
269 2692 379 2748 quia
411 2708 439 2748 ς
561 2698 586 2737 8
620 2707 792 2750 genus:
825 2708 874 2750 gl
908 2693 971 2736 M
1066 2707 1176 2737 nam
1207 2692 1279 2736 ilh‘
1311 2697 1386 2738 etc.
1420 2695 1528 2738 haec
1558 2693 1664 2747 fort.
1691 2693 1783 2737 alio

6 2764 29 2811 st
90 2751 169 2805 (cf.
200 2751 263 2796 ad
293 2765 337 2795 u.
372 2755 452 2807 39)
482 2753 825 2810 transponenda
854 2756 963 2796 sunt
1086 2758 1138 2796 12
1170 2808 1173 2809 ⁷
1194 2757 1299 2808 post
1328 2753 1416 2797 sch.
1449 2767 1493 2797 u.
1527 2757 1556 2797 9
1589 2753 1784 2796 iteratur

8 2830 12 2832 >
91 2810 178 2854 sch.
211 2823 256 2853 u.
291 2814 321 2854 8
356 2811 419 2853 Μ
523 2816 575 2855 13
609 2811 763 2855 01103111
796 2812 1023 2867 qmscont.
1057 2812 1107 2855 h1
1141 2812 1205 2855 M
1309 2817 1362 2856 16
1394 2812 1542 2856 libero
1577 2811 1640 2854 M
1729 2816 1782 2856 18

0 2877 11 2928 ’.ᾗ
91 2871 306 2925 eurysteo
341 2869 404 2912 M
520 2875 576 2914 20
607 2870 794 2914 thon
825 2874 866 2914 et
896 2872 1190 2926 mcertusque
1223 2871 1287 2914 M
1396 2876 1450 2915 27
1483 2869 1645 2915 uincit.
1681 2870 1783 2914 sed:

0 2956 10 2973 ι
93 2929 297 2972 umcltls·
333 2928 406 2982 M,
453 2944 497 2974 u,
532 2929 612 2973 sed
643 2929 712 2974 is‘?
857 2934 911 2973 29
966 2929 1198 2987 fulgorem
1231 2943 1331 2973 rem
1363 2930 1427 2973 M
1564 2943 1783 2986 praesens

0 2974 14 3022 'ci

0 3024 59 3197 1

90 2987 282 3030 11111οΠ(11
308 2988 371 3030 Μ
436 2992 492 3031 30
518 2988 642 3044 quod
666 2989 1026 3045 glossematicon
1047 3002 1152 3033 nos:
1184 3003 1324 3045 qua-m
1349 2989 1698 3046 glossematlcos
1726 2989 1789 3032 M
