1939 3197
113 95 220 146 208
673 94 875 139 SERMO
909 96 942 151 Ι,
976 101 1015 152 4,
1052 100 1238 139 13—28.

116 233 325 303 goricos
368 251 398 283 a
437 231 671 299 flumine,
712 249 816 299 quo
859 231 1127 300 significat
1166 233 1336 284 inulta
1377 251 1498 284 eum
1539 232 1631 284 sed
1663 232 1805 285 inor-

116 308 296 359 dinate
345 307 561 373 dixisse,
610 324 673 356 ex
725 305 917 373 quibus
964 308 1148 358 tamen
1195 306 1304 358 sint
1341 307 1627 374 nonnulla,
1670 325 1805 375 quae

115 382 281 434 uelles
320 381 444 432 inde
486 397 765 448 excerpere
808 382 861 431 et
900 398 997 448 pro
1037 381 1145 432 tuis
1185 381 1397 432 habere.
1539 382 1606 433 13
1649 381 1807 432 scri-

115 455 307 508 bendi
347 458 541 507 recte:
582 473 726 506 nam
765 457 833 506 ut
872 455 1140 506 multum
1179 455 1345 506 nihil
1378 466 1601 508 moror.
1680 474 1806 523 non,

71 530 312 599 5inquit,
362 529 645 582 laborabat
691 531 751 580 ut
796 531 940 581 recte
996 529 1252 581 scriberet
1306 530 1397 582 sed
1445 532 1505 581 ut
1555 531 1808 597 multum3
1932 575 1939 594 .-

116 605 208 657 sed
256 621 355 674 ego
403 604 506 656 hoc
554 604 696 656 nolo.
852 603 918 655 13
968 621 1108 655 ecce
1158 601 1495 672 Crispinus
1551 604 1808 656 minimo
1927 599 1939 665 {f

116 698 206 731 ine
261 682 588 748 prouocat.
690 695 877 730 sensus
934 696 996 729 ex
1043 678 1371 746 prouerbiali
1422 678 1809 730 consuetudine

118 754 323 806 ductus,
417 753 649 805 solemus
690 770 922 821 namque
964 752 1138 805 dicere
1182 751 1423 804 ‘minimo
1466 754 1596 819 [me]
1639 753 1809 822 digito
1924 740 1939 823 {f

117 827 413 897 prouocat',
454 846 574 880 cum
614 828 864 879 uolumus
906 845 1064 895 quem
1103 827 1347 897 intellegi
1386 830 1600 879 tantum
1631 828 1810 880 ualere
1929 822 1935 849 ³

54 924 95 956 10
119 903 340 955 minimo
383 902 552 972 digito
595 904 857 970 quantuni
898 901 1061 953 alium
1101 902 1230 953 totis
1256 902 1475 954 uiribus.
1533 900 1811 970 Crispinus

120 980 299 1029 autem
346 995 459 1029 non
506 980 618 1027 tam
665 977 836 1028 bonos
888 995 1048 1044 quani
1089 977 1288 1029 multos
1327 995 1514 1028 uersus
1553 976 1809 1044 faciebat3

120 1052 267 1104 cuius
332 1054 385 1103 et
448 1069 610 1119 supra
672 1051 918 1102 meminit
981 1050 1162 1102 dicens
1225 1049 1316 1102 Ne
1379 1069 1470 1102 me
1526 1049 1811 1118 Crispini

120 1126 360 1178 scrinia
398 1125 561 1193 lippi
603 1126 970 1192 conpilasse
1022 1127 1221 1193 putes
1379 1126 1446 1176 14
1495 1125 1710 1193 accipe
1761 1126 1812 1177 si

119 1201 216 1252 uis
271 1201 610 1267 accipiam:
667 1198 887 1252 ‘tabulas
943 1198 1287 1267 accipianius'
1353 1199 1442 1251 ait.
1543 1200 1812 1253 niiinetico

55 1296 97 1329 15
122 1278 301 1328 autem
358 1275 664 1327 charactere
719 1277 1106 1342 prouocantem
1155 1273 1220 1325 ad
1277 1274 1616 1326 scribendum
1673 1272 1812 1327 Cris·
1932 1318 1939 1337 .,

119 1351 308 1419 pinum
334 1349 583 1402 ostendit.
682 1349 746 1401 19
790 1351 853 1400 at
891 1351 958 1400 tu
999 1348 1336 1400 conclusas
1376 1349 1649 1401 hircinis
1688 1348 1812 1401 fol·
1911 1342 1939 1419 Ξ

121 1425 288 1476 libus
331 1442 520 1476 auras
563 1427 616 1476 et
650 1424 870 1492 reliqua.
934 1441 1029 1492 per
1052 1423 1185 1474 haec
1212 1423 1481 1492 significat
1506 1421 1814 1492 Crispinum
1930 1431 1939 1483 Ξ

120 1498 307 1550 inflata
348 1502 400 1550 et
438 1499 656 1568 turgida
696 1498 940 1550 scribere.
1002 1497 1129 1549 hinc
1164 1500 1344 1549 autem
1383 1497 1641 1549 Persius
1681 1497 1814 1550 illud
1930 1491 1939 1521 ⁶

120 1573 400 1625 transtulit
470 1573 555 1625 Tu
625 1591 828 1641 neque
900 1572 1239 1624 anhelanti
1306 1572 1603 1641 coquitur
1673 1573 1814 1624 dum

55 1671 98 1703 20
121 1666 325 1700 massa
366 1647 611 1699 camino
652 1647 811 1699 folle
859 1647 1094 1715 premis
1142 1650 1385 1699 uentos,
1485 1647 1554 1698 21
1586 1647 1813 1699 beatus

122 1722 407 1774 Fannius
448 1722 619 1774 ultro
662 1721 896 1773 delatis
939 1721 1149 1789 capsis
1192 1724 1251 1773 et
1290 1720 1587 1790 imagine.
1657 1721 1814 1774 urba-

122 1797 346 1848 nissima
401 1796 757 1848 amaritudine
815 1795 918 1847 hoc
974 1795 1180 1847 dicitur.
1282 1813 1469 1847 sensus
1526 1797 1726 1848 autem:
1783 1814 1813 1849 o

122 1872 341 1923 beatum
387 1869 677 1937 Fannium,
725 1870 874 1922 cuius
929 1870 1108 1939 imago
1158 1872 1211 1921 et
1258 1887 1448 1938 capsae
1497 1887 1617 1921 cum
1664 1870 1814 1922 libris

124 1946 182 1997 in
228 1945 581 1998 bibliothecas
629 1945 770 1996 ultro
818 1946 1063 2012 receptae
1112 1944 1245 2012 sint⁷
1293 1963 1414 1996 cum
1465 1962 1583 1996 mea
1624 1963 1651 1996 e
1691 1963 1815 1997 con-

59 2042 101 2075 25
123 2020 289 2073 trario
347 2020 546 2089 scripta
601 2037 759 2071 nemo
813 2019 960 2071 norit
1013 2037 1111 2071 nec
1167 2018 1299 2070 uelit
1349 2036 1530 2087 nosse,
1585 2019 1818 2087 primum

126 2095 267 2163 quod
307 2107 418 2147 non
463 2094 675 2162 publice
722 2093 1038 2162 recitentur,
1085 2094 1263 2146 deinde
1311 2094 1446 2160 quod
1489 2094 1676 2146 conscii
1721 2093 1820 2146 siba·

114 2173 440 2236 peccatormn
479 2186 582 2221 non
633 2169 934 2221 delectentur
979 2168 1083 2220 hoc
1130 2167 1394 2236 poematis
1445 2185 1638 2236 genere
1649 2210 1663 2236 7
1711 2186 1815 2236 quo

125 2243 260 2295 uitia
301 2262 485 2295 eorum
535 2245 841 2311 carpuntur.
979 2243 1048 2295 28
1107 2245 1322 2310 stupet
1376 2240 1606 2293 Albius
1662 2260 1818 2294 aere.

126 2316 369 2385 Albium,
421 2335 578 2385 quein
623 2317 763 2369 infra
811 2335 1021 2385 quoque
1063 2317 1200 2368 male
1248 2316 1526 2368 uiuentem
1566 2316 1818 2382 ostendit,

60 2412 103 2444 30
128 2391 417 2460 cupiditate
466 2410 717 2443 uasorum
767 2395 819 2444 et
866 2392 1143 2460 signorum
1192 2389 1594 2442 Corinthiorum
1645 2390 1819 2442 teneri

250 2573 301 2611 12
335 2581 482 2612 sermo
519 2573 557 2622 i,
595 2573 631 2622 i,
669 2572 752 2611 120
878 2571 930 2611 18
965 2567 1050 2609 sat.
1085 2570 1125 2622 5,
1163 2571 1214 2610 10

1923 2578 1939 2629 3

1928 2675 1939 2696 ,ι

250 2737 271 2774 1
305 2731 498 2774 flumina
531 2730 594 2773 M
712 2735 736 2774 8
770 2744 842 2773 me
875 2730 1020 2773 deleuc'
1142 2734 1166 2773 9
1201 2729 1347 2772 ualeri
1380 2764 1389 2773 .
1425 2765 1432 2773 .
1468 2730 1644 2785 quanto
1679 2729 1742 2772 M
1923 2743 1939 2770 ἢ

132 2795 186 2834 14
217 2790 447 2847 accipiam
477 2789 663 2834 tabulas
697 2791 861 2833 adelida·
1000 2795 1051 2833 16
1086 2789 1288 2844 hyrcinis
1323 2824 1331 2832 .
1367 2821 1376 2831 .
1412 2803 1535 2832 auris
1570 2788 1632 2831 M
1765 2791 1816 2831 18
1930 2773 1939 2815 ³

128 2849 307 2893 torrida
340 2850 403 2892 M
515 2854 567 2892 19
600 2862 703 2905 neq;
745 2849 952 2893 neelanti
985 2849 1048 2892 M
1150 2853 1204 2891 23
1237 2862 1426 2905 inmago
1462 2847 1526 2891 M
1627 2851 1684 2890 24
1715 2859 1819 2890 mea

131 2922 176 2952 e:
207 2923 282 2952 me
316 2910 386 2964 (in
415 2922 518 2968 mee
551 2922 665 2952 corr.
697 2923 755 2951 m.
795 2911 848 2964 2)
882 2908 950 2951 M.
1057 2913 1112 2951 25
1147 2909 1318 2963 scripto
1346 2932 1354 2940 ·
1379 2907 1675 2951 nemonorint
1699 2929 1707 2938 ·
1734 2919 1818 2949 nec
1922 2893 1939 2938 ἓ

130 2967 277 3011 uelint
311 2968 374 3011 M
529 2973 584 3012 26
616 2968 724 3012 haec
755 2980 837 3010 om.
874 2967 937 3010 M
1040 2972 1096 3011 28
1129 2967 1312 3010 albinus
1344 2979 1503 3010 aeccre
1538 2966 1600 3008 M
1762 2969 1817 3008 29
1918 2938 1939 3005 Ξ

130 3028 374 3070 uiuentum
409 3028 471 3070 M
589 3032 644 3071 30
679 3026 1048 3071 chorinthiorum
1084 3027 1145 3069 M
1909 3001 1939 3197 Ξ
