1939 3197
190 97 295 149 134
811 94 931 140 omi
964 94 1042 152 iv,
1076 100 1102 139 8
1136 96 1183 139 et
1214 101 1254 139 9.

1935 189 1939 200 -
1936 170 1939 175 r
1928 114 1939 129 -.
1913 0 1939 104 *anfi

186 251 380 287 canum
421 230 726 301 Scipionem
766 230 1048 300 significat.
1190 230 1256 283 19
1299 229 1543 283 clarius
1582 228 1880 282 indicant
1937 265 1939 271 -

184 307 407 361 laudes
471 325 654 375 quam
717 303 1018 358 Calabrae
1071 303 1373 357 Pierides.
1472 304 1638 373 facta,
1686 304 1880 375 inquit,
1937 352 1939 354 ,

186 378 452 436 clarorum
492 381 731 433 uirorum
777 379 884 431 nisi
923 379 1250 432 carminibus
1289 379 1647 431 inlustrentur
1686 380 1879 433 aetatis
1937 385 1939 388 ⁴

187 474 314 511 suae
354 455 667 508 memoriam
705 472 818 506 non
850 454 1126 506 excedunt.
1226 454 1298 506 20
1338 471 1522 521 quam
1562 451 1879 507 Calabrae

141 530 489 584 5PierideS.
576 547 672 582 sua
717 529 836 580 uult
882 528 1124 597 intellegi
1175 528 1436 595 carmina,
1485 527 1610 595 quia
1648 527 1705 579 in
1743 529 1876 581 urbe

185 604 427 659 Uenusia
465 608 622 657 natus
659 607 746 671 cst,
787 620 920 671 quae
961 605 1043 654 est
1079 603 1137 653 in
1179 600 1427 655 Calabria
1467 605 1626 670 atque
1663 601 1878 670 Apulia.

335 679 403 731 27
447 678 767 730 diuitibus
809 679 1150 729 consecrat
1188 676 1442 728 insulis.
1512 676 1716 728 insulas
1750 676 1880 729 dicit

188 772 320 823 quas
360 748 672 822 μακάρων
712 747 958 819 νήσους
996 750 1335 820 Homerus,
1374 749 1555 802 Latini
1585 750 1879 803 fortuna-

186 832 395 882 torum
434 828 683 879 insulas
725 827 1015 895 appellant.
1168 825 1238 878 29
1281 825 1459 877 caelo
1499 824 1680 878 Musa
1722 825 1881 879 beat.

121 923 164 955 ιο
189 903 365 956 caelo
404 902 554 953 beat
598 902 652 953 id
692 903 796 953 est:
851 901 984 952 caeli
1021 899 1362 969 possessione
1401 900 1621 952 beatum
1659 899 1793 952 facit
1816 918 1878 953 ac

186 995 284 1046 per
306 976 409 1029 hoc
433 976 775 1028 inmortalem
799 975 987 1027 reddit.
1087 975 1155 1027 31
1200 974 1441 1026 clarum
1474 973 1883 1042 Tyndaridae

189 1051 378 1104 sidus
472 1050 653 1118 σχῆμα
701 1045 1048 1117 ἐπεξήγησις,
1106 1049 1231 1117 quia
1282 1047 1624 1116 Tyndaridae
1677 1049 1879 1101 clarum

189 1126 335 1178 sidus
383 1127 523 1176 sunt.
603 1142 760 1192 saepe
802 1126 981 1175 autem
1021 1123 1224 1175 dictum
1264 1125 1366 1191 est,
1419 1122 1601 1175 stellas
1642 1120 1881 1176 Castoris

190 1217 251 1252 ac
289 1198 523 1251 Pollucis
562 1198 950 1267 nauigantibus
992 1215 1141 1266 spem
1181 1197 1458 1249 meliorem
1498 1197 1793 1249 ostendere.

125 1372 165 1404 15
904 1342 1024 1387 ODE
1058 1349 1098 1399 4,
1133 1350 1173 1389 9.

338 1435 429 1489 Ne
483 1437 653 1490 forte
710 1435 931 1489 credas
986 1435 1352 1489 interitura.
1452 1435 1585 1488 haec
1639 1429 1756 1506 ᾠδὴ
1816 1435 1884 1488 ad

190 1511 435 1564 Marcum
465 1510 698 1564 Lollium
732 1510 931 1579 scripta
971 1513 1053 1562 est
1092 1511 1450 1577 consularem3
1492 1528 1598 1578 qua
1638 1509 1886 1562 adfirmat

190 1586 637 1639 inmortalitatem
672 1584 924 1637 habitura
965 1584 1165 1653 scripta
1205 1603 1315 1653 sua,
1356 1584 1602 1652 quamuis
1643 1583 1753 1635 sint
1792 1585 1885 1636 alii

192 1663 317 1714 ante
367 1678 422 1712 se
468 1660 714 1712 meliores
761 1661 976 1728 poetae3
1030 1676 1158 1710 nam
1203 1676 1303 1711 nec
1349 1657 1574 1711 Homeri
1613 1658 1884 1728 magnitu-

123 1757 168 1790 20
193 1736 372 1788 dinem
412 1735 643 1802 obstare,
684 1751 787 1802 quo
828 1733 1006 1785 minus
1037 1732 1302 1785 Pindarus
1344 1736 1397 1785 et
1436 1733 1528 1785 alii
1558 1735 1752 1801 poetae
1793 1733 1885 1802 qui

190 1812 316 1879 post
366 1826 488 1861 eum
540 1809 645 1861 orti
697 1811 824 1860 sunt
878 1808 1008 1859 clari
1060 1807 1378 1860 habeantur.
1477 1807 1652 1876 prima
1703 1809 1884 1859 autem

193 1883 403 1953 syllaba
443 1877 591 1955 ᾠδῆς
628 1882 788 1935 huius
830 1881 1161 1934 circumflexe
1207 1881 1540 1934 enuntianda
1579 1883 1676 1949 est,
1714 1884 1776 1933 ut
1815 1881 1888 1934 sit

193 1957 280 2011 ‘ne
321 1955 524 2010 credas'
564 1957 619 2010 id
660 1959 742 2009 est
782 1955 868 2009 ene
909 1954 1229 2008 credideris'.
1316 1956 1349 2009 3
1389 1973 1518 2008 non
1557 1958 1705 2007 ante
1745 1956 1884 2008 uul-

193 2036 378 2102 gatas
425 2049 537 2100 per
585 2034 772 2084 artes.
873 2030 1135 2100 gloriatur
1182 2048 1237 2082 se
1283 2031 1516 2099 primum
1566 2030 1735 2098 lyrica
1774 2047 1883 2082 car-

125 2127 168 2161 25
192 2108 340 2159 mina
377 2105 574 2158 Latina
612 2107 801 2175 lingua
841 2123 1031 2157 ausum
1071 2104 1315 2157 scribere.
1426 2105 1454 2156 7
1498 2102 1785 2172 Ceaeque
1826 2107 1888 2156 et

192 2180 417 2233 Alcaei
455 2180 752 2233 minaces,
808 2177 1108 2232 Simonides
1148 2179 1349 2247 lyricus
1388 2181 1550 2248 poeta
1591 2176 1727 2231 Ceus
1766 2177 1887 2247 fuit,

192 2255 246 2307 id
287 2258 389 2307 est:
430 2272 494 2306 ex
534 2253 641 2307 Cea
688 2255 879 2306 insula.
978 2254 1258 2305 minaces
1307 2256 1485 2305 autem
1532 2251 1754 2304 Alcaei
1801 2270 1886 2304 ea-

193 2347 382 2381 menae
423 2328 687 2398 dicuntur7
729 2328 984 2396 quoniam
1025 2328 1157 2380 adeo
1200 2346 1414 2379 amarus
1453 2327 1572 2396 fuit,
1611 2329 1673 2379 ut
1709 2328 1885 2379 auste-

193 2404 352 2456 ritate
393 2403 645 2454 carminis
687 2404 767 2455 sui
807 2403 1006 2455 multos
1047 2402 1263 2454 ciuitate
1317 2401 1544 2454 eiecerit.
1697 2400 1729 2452 9
1769 2417 1886 2452 nee

313 2554 341 2592 4
373 2549 601 2593 accedunt
633 2549 695 2591 M
843 2553 868 2591 5
911 2561 1020 2592 suae
1055 2547 1117 2590 M
1264 2547 1438 2590 urbebe
1470 2559 1640 2590 nusma
1673 2559 1791 2601 quae
1825 2546 1889 2590 M

193 2608 401 2653 Uenusia
430 2621 537 2652 nos:
574 2607 814 2652 Venusina
854 2623 881 2662 ς
1019 2612 1045 2652 8
1077 2620 1297 2651 macaron
1330 2620 1490 2650 nessus
1524 2606 1588 2649 M
1593 2622 1610 2658 ‚·
1642 2605 1887 2649 scholiasta

195 2669 384 2723 errauit,
417 2668 528 2723 quia
558 2667 785 2710 Homerus
814 2667 896 2711 hoc
927 2668 1187 2722 coynoonine
1217 2679 1327 2710 usus
1358 2679 1451 2709 non
1482 2669 1558 2709 est.
1602 2669 1795 2708 ceterum
1826 2665 1885 2719 cf.

199 2727 339 2772 Orelli
371 2728 432 2771 ad
464 2728 588 2782 epod.
621 2731 697 2779 16,
729 2731 753 2769 1
887 2732 911 2770 9
944 2740 1076 2769 musa
1106 2726 1245 2770 abeat
1278 2725 1341 2768 M
1473 2729 1529 2768 10
1562 2723 1803 2768 eaelobeat
1836 2725 1887 2778 (a

195 2800 295 2842 sup.
329 2800 355 2830 0
387 2800 472 2830 scr.
505 2800 561 2830 m.
594 2787 654 2842 1.)
691 2785 753 2829 M
845 2790 897 2828 12
931 2785 1274 2829 ΕΦΕΞΙἸΓΗΕΙΕ
1300 2783 1363 2828 M
1450 2783 1562 2838 quia
1585 2782 1883 2838 Tyndaridae

197 2845 372 2889 clarum
404 2845 528 2889 sidus
561 2846 668 2889 sunt
701 2845 879 2900 Pauly:
921 2844 1251 2900 quityndarida
1290 2844 1466 2887 clarum
1498 2841 1626 2886 srdus
1659 2843 1794 2886 aiunt
1825 2841 1890 2885 M

318 2909 370 2948 17
403 2908 444 2948 et
478 2909 530 2948 18
564 2904 737 2948 scribta
770 2904 833 2947 M
977 2908 1030 2947 21
1064 2905 1230 2960 postea
1260 2903 1402 2946 morti
1433 2901 1496 2945 M
1643 2905 1698 2944 22
1730 2896 1888 2949 (OM-{C

198 2963 261 3006 M
368 2969 423 3007 23
457 2963 706 3008 credideris
737 2964 790 3008 in
821 2976 935 3007 corr.
969 2976 1025 3005 m.
1058 2967 1099 3006 1.
1137 2962 1200 3006 M
1309 2965 1366 3006 25
1398 2974 1450 3018 ee
1485 2973 1631 3015 aeque
1666 2959 1729 3003 M
1830 2964 1887 3003 26
1938 2958 1939 2962 ’

197 3034 333 3066 caeus
355 3027 396 3066 et
427 3035 511 3081 cea
545 3022 607 3066 M
725 3027 780 3066 27
813 3022 969 3080 alcaee
1004 3021 1067 3066 M
1161 3026 1218 3067 28
1250 3020 1355 3065 ideo
1389 3020 1453 3064 M
1547 3023 1602 3063 29
1634 3019 1797 3063 eicent
1828 3017 1893 3062 M
