1939 3197
152 134 259 186 334
647 133 949 177 EPISTULA
981 134 1036 189 Π,
1070 139 1110 189 2,
1145 139 1333 178 90—-99,

147 270 301 339 bant,
349 289 469 323 cum
518 272 653 322 alter
697 270 828 322 iuris
885 270 1191 322 consultum
1238 268 1477 322 Mucium
1525 268 1839 326 Scaeuolam

148 345 360 414 diceret,
402 346 536 396 alter
576 347 845 397 oratorem
871 343 1144 396 Tiberium
1178 343 1479 396 Gracchum
1517 346 1838 400 nominaret.
1931 405 1936 408 q

144 437 271 470 nam
312 419 454 487 apud
493 422 700 470 ueteres
740 422 852 470 tam
893 419 1097 486 primus
1137 419 1267 470 iuris
1307 419 1584 471 consultus
1624 419 1837 474 Mucius

149 492 406 545 Scaeuola
446 493 638 561 extitit,
679 511 838 561 quam
880 495 1061 545 orator
1093 492 1339 544 Tiberius
1372 492 1658 546 Gracchus,
1767 496 1847 548 90·

102 568 254 635 5’ᾳ111
308 568 514 618 minus
571 570 836 636 argutos
891 567 946 618 id
998 569 1099 619 est:
1157 586 1261 636 qua
1314 585 1371 618 re
1426 568 1603 619 minus
1658 569 1838 621 insani

78 960 119 992 10

74 1705 116 1736 20

71 2449 113 2480 30

145 644 337 709 poetae
386 645 531 709 sunt,
579 659 700 693 cum
749 660 803 693 se
860 659 1069 710 quoque
1123 641 1355 693 inuicem
1405 641 1676 694 laudent?
1742 662 1838 695 ar-

146 718 360 785 gutos:
418 733 660 768 canoros.
820 716 887 768 91
952 715 1055 767 hic
1118 716 1361 785 elegos:
1426 713 1722 786 (ἐνέργεια)
1783 718 1838 769 id

145 792 248 842 est:
291 791 438 842 alter.
537 790 608 842 92
650 791 989 842 caelatum:
1030 790 1299 842 uariatum
1341 792 1393 841 et
1433 791 1587 858 quasi
1617 791 1837 859 pictum.

143 882 368 916 nouem
407 863 630 916 Musis:
673 865 819 917 omni
860 882 1054 934 genere
1093 867 1404 918 metrorum.
1472 882 1599 916 nam
1639 882 1838 934 genera

144 941 438 991 metrorum
478 939 797 1007 principalia
835 957 1033 991 nouem
1068 942 1207 990 sunt.
1309 939 1378 990 93
1421 941 1659 1007 quanto
1702 958 1836 992 cum

43 1057 55 1064 .
81 1013 317 1066 f‘astu
359 1016 597 1082 quanto
639 1032 706 1065 m.
748 1032 789 1065 c.
869 1016 922 1065 et
962 1016 1161 1065 cetera:
1201 1013 1357 1065 nobis
1405 1013 1714 1081 placeamus
1754 1015 1836 1066 in-

145 1089 405 1140 cedentes.
506 1088 741 1140 circum
798 1090 1178 1156 spectemus:
1236 1105 1344 1139 una
1397 1105 1522 1154 pars
1575 1088 1835 1140 orationis

144 1165 224 1214 est
263 1162 436 1214 diuisa
474 1162 531 1213 in
558 1162 690 1214 duos
716 1180 903 1214 uersus
942 1161 1181 1213 Lucilii
1221 1179 1368 1213 more
1396 1164 1449 1212 et
1474 1161 1836 1230 antiquorum.

293 1237 363 1288 94
410 1254 673 1288 uacuam
720 1235 1049 1288 Romanis:
1104 1235 1279 1303 poetis
1329 1235 1563 1287 deditam
1610 1235 1836 1306 Latinis⁷

97 1333 116 1365 5
142 1311 195 1363 id
237 1314 339 1380 est,
385 1313 686 1363 uacantem.
773 1311 1039 1380 significat
1087 1313 1263 1362 autem
1318 1309 1504 1361 aedem
1542 1309 1836 1379 Musarum,

142 1386 198 1437 in
247 1404 353 1454 qua
398 1388 588 1454 poetae
636 1385 951 1438 recitabant.
1037 1387 1090 1437 et
1134 1385 1238 1438 hoc
1277 1387 1441 1452 recte3
1481 1402 1607 1436 nam
1647 1383 1837 1437 Graeci

141 1462 333 1529 poetae
395 1460 452 1511 in
513 1459 798 1512 Athenaeo
862 1462 1199 1512 consuerant.
1299 1462 1351 1510 et
1411 1458 1530 1511 ideo
1594 1458 1835 1511 additum

142 1553 406 1587 uacuam
445 1533 750 1586 Romanis
790 1535 1063 1587 uatibus.
1216 1533 1287 1587 95
1336 1533 1388 1585 si
1427 1533 1599 1585 forte
1641 1551 1836 1586 uaeas

144 1627 419 1677 sequere.
519 1609 654 1661 bene
696 1609 937 1661 additum
978 1609 1029 1660 si
1074 1608 1243 1661 forte
1291 1625 1507 1674 uacaS‚
1554 1610 1833 1676 tamquam

143 1686 195 1734 et
232 1683 335 1735 hoc
374 1683 553 1752 ipsum
592 1683 767 1735 facere
810 1701 1202 1751 superuacuum
1240 1681 1586 1735 iudicandum
1627 1681 1709 1734 sit,

141 1758 211 1810 96
254 1757 402 1826 quid
440 1757 608 1809 ferat
648 1760 709 1809 et
749 1776 956 1826 quare.
1035 1757 1161 1825 quid
1209 1758 1242 1821 †
1283 1774 1396 1808 esse
1435 1756 1694 1824 praebeat
1729 1757 1833 1809 tol-

139 1833 274 1884 leret
323 1832 410 1883 uel
465 1832 592 1899 quid
647 1831 867 1883 adferat.
1020 1831 1089 1883 98
1155 1828 1497 1882 Samnites:
1552 1832 1834 1898 tamquam

142 1905 424 1974 SamniteS‚
466 1924 693 1974 quorum
731 1923 916 1975 pugna
957 1922 1166 1973 semper
1206 1904 1428 1956 stataria
1469 1907 1563 1956 est.
1618 1904 1834 1957 uidetur

141 1983 321 2032 autem
359 1980 492 2032 haec
531 1979 848 2049 metaphora
895 1981 981 2032 uel
1022 1999 1053 2031 a
1093 1977 1400 2032 Samniticis
1442 1977 1833 2048 gladiatoribus

95 2078 114 2109 5
140 2056 225 2106 uel
274 2073 304 2106 a
349 2054 491 2106 bello
548 2055 805 2107 acerrimo
856 2052 1159 2106 Samnitum
1215 2053 1497 2105 aduersum
1553 2052 1833 2105 Romanos

140 2147 255 2182 esse
295 2129 574 2181 translata.
675 2129 748 2181 ad
803 2130 944 2181 lum.
998 2148 1072 2197 p.:
1120 2146 1287 2196 usque
1337 2127 1402 2179 ad
1442 2128 1736 2194 lucernam,
1776 2127 1832 2178 id

139 2206 235 2271 est,
275 2203 342 2255 ad
381 2221 677 2271 uesperam.
756 2203 991 2256 duello:
1041 2203 1181 2254 bello
1224 2202 1492 2254 diuturno
1593 2201 1662 2252 99
1705 2201 1830 2252 dis-

140 2278 289 2330 cedo
337 2276 611 2329 Alcaeus
659 2280 896 2346 puncto
937 2278 1132 2329 illius.
1209 2276 1404 2328 iudicio
1438 2275 1599 2343 illius7
1637 2275 1829 2343 inquit,

137 2352 337 2404 Alcaeo
385 2352 551 2420 lyrico
601 2369 884 2420 comparor
932 2355 985 2403 et
1029 2352 1100 2403 fio
1149 2352 1284 2403 alter
1330 2349 1560 2402 Alcaeus
1610 2348 1831 2401 functus

140 2426 394 2495 suffragio
435 2426 624 2478 humili
665 2445 725 2478 ac
764 2427 989 2495 plebeio.
1106 2425 1175 2476 99
1225 2425 1367 2493 quis
1410 2424 1565 2493 quis.
1644 2423 1826 2492 singil-

138 2500 291 2552 latim
329 2500 732 2568 pronuntianda
773 2504 898 2552 sunt·
935 2501 1068 2552 haec
1107 2498 1441 2567 pronomina.
1518 2497 1669 2549 illum
1709 2496 1827 2550 Caz-

259 2653 283 2690 2
317 2652 357 2690 et
389 2652 415 2689 4
446 2647 530 2690 tib.
567 2646 629 2688 M
759 2650 783 2689 5
817 2648 984 2704 arguto
1019 2646 1081 2689 M
1211 2644 1260 2687 id
1293 2645 1361 2688 est
1391 2657 1496 2688 nos:
1527 2657 1576 2686 m
1609 2643 1672 2686 M
1803 2648 1828 2687 6

137 2707 329 2750 laudent
359 2719 462 2750 rnos:
493 2705 739 2749 laudarent
773 2706 836 2748 M
969 2710 993 2749 7
1028 2718 1217 2748 canores
1252 2704 1314 2746 M
1455 2703 1615 2758 elogos
1649 2702 1712 2745 M

138 2761 358 2812 ΕΝΕΡΓΙὸ,
393 2791 400 2798 -
432 2766 482 2808 1d
517 2790 525 2799 ·
559 2765 678 2808 alter
713 2766 775 2807 M
953 2770 978 2809 8
1018 2766 1105 2808 sch.
1148 2765 1210 2807 ad
1250 2763 1482 2807 caelatum
1505 2765 1614 2818 post
1642 2762 1731 2805 seh.
1765 2762 1829 2804 acl

136 2839 306 2870 nouem
337 2826 389 2868 in
423 2825 485 2868 M
641 2829 693 2867 11
726 2824 852 2868 fastu
884 2838 974 2879 que
1005 2839 1065 2868 m.
1101 2824 1164 2866 M
1326 2823 1481 2866 cetera
1511 2834 1616 2864 nos:
1647 2834 1719 2864 ser
1752 2820 1826 2876 M,

138 2885 204 2928 sic
237 2900 265 2940 ς
418 2890 470 2927 13
502 2885 616 2928 lucu
649 2883 711 2926 M
861 2888 914 2927 16
948 2898 1091 2939 quam
1125 2883 1187 2926 M
1329 2886 1381 2924 17
1415 2881 1615 2925 atheneo
1649 2880 1713 2923 M

138 2943 372 2987 atth1dum
409 2944 470 2986 M
631 2947 686 2986 21
728 2943 784 2986 de
826 2957 873 2986 se
905 2943 1131 2999 praebeat
1160 2941 1328 2986 tollere
1361 2957 1389 2996 ς
1555 2944 1609 2983 22
1642 2939 1730 2984 sch.
1764 2938 1826 2982 ad

138 3003 358 3046 samnites
383 3007 489 3059 post
511 3004 599 3049 sch.
634 3003 696 3047 ad
727 3002 787 3046 ad
817 3002 928 3046 lum.
961 3003 1013 3047 in
1046 3002 1109 3045 M
1242 3005 1298 3044 24
1329 2999 1556 3044 metafora
1589 2999 1653 3042 M
1769 3001 1824 3040 29

139 3076 377 3118 comparar
411 3063 474 3105 M
