<?xml version="1.0" encoding="UTF-8"?>
<!DOCTYPE html PUBLIC "-//W3C//DTD XHTML 1.0 Transitional//EN"
    "http://www.w3.org/TR/xhtml1/DTD/xhtml1-transitional.dtd">
<html xmlns="http://www.w3.org/1999/xhtml" xml:lang="en" lang="en">
 <head>
  <title>
</title>
<meta http-equiv="Content-Type" content="text/html;charset=utf-8" />
  <meta name='ocr-system' content='tesseract 3.04.00' />
  <meta name='ocr-capabilities' content='ocr_page ocr_carea ocr_par ocr_line ocrx_word'/>
</head>
<body>
  <div class='ocr_page' id='page_1' title='image "./pomponiiporphyri00pomp_0031.png"; bbox 0 0 1939 3197; ppageno 0'>
   <div class='ocr_carea' id='block_1_1' title="bbox 747 40 1734 97">
    <p class='ocr_par' dir='ltr' id='par_1_1' title="bbox 747 40 1734 97">
     <span class='ocr_line' id='line_1_1' title="bbox 747 40 1734 97; baseline 0.012 -12"><span class='ocrx_word' id='word_1_1' title='bbox 747 40 867 86; x_wconf 85' lang='lat' dir='ltr'>ODE</span> <span class='ocrx_word' id='word_1_2' title='bbox 900 42 934 97; x_wconf 89' lang='lat' dir='ltr'>I,</span> <span class='ocrx_word' id='word_1_3' title='bbox 969 47 1037 86; x_wconf 84' lang='lat'>12.</span> <span class='ocrx_word' id='word_1_4' title='bbox 1668 45 1734 97; x_wconf 81' lang='lat'>17</span> 
     </span>
    </p>
   </div>
   <div class='ocr_carea' id='block_1_2' title="bbox 32 173 1801 2461">
    <p class='ocr_par' dir='ltr' id='par_1_2' title="bbox 32 173 1801 2461">
     <span class='ocr_line' id='line_1_2' title="bbox 45 173 1586 245; baseline 0.001 -16"><span class='ocrx_word' id='word_1_5' title='bbox 45 176 213 229; x_wconf 85' lang='lat' dir='ltr'>trario</span> <span class='ocrx_word' id='word_1_6' title='bbox 261 175 394 228; x_wconf 84' lang='lat' dir='ltr'>illud</span> <span class='ocrx_word' id='word_1_7' title='bbox 439 175 655 227; x_wconf 89' lang='lat' dir='ltr'>dicitur:</span> <span class='ocrx_word' id='word_1_8' title='bbox 709 173 900 245; x_wconf 82' lang='lat' dir='ltr'>Nigri</span> <span class='ocrx_word' id='word_1_9' title='bbox 947 195 1083 229; x_wconf 88' lang='lat' dir='ltr'>cum</span> <span class='ocrx_word' id='word_1_10' title='bbox 1132 178 1299 229; x_wconf 90' lang='lat' dir='ltr'>lacte</span> <span class='ocrx_word' id='word_1_11' title='bbox 1339 181 1586 231; x_wconf 82' lang='lat' dir='ltr'>ueneni,</span> 
     </span>
     <span class='ocr_line' id='line_1_3' title="bbox 47 249 1733 318; baseline 0.003 -16"><span class='ocrx_word' id='word_1_12' title='bbox 47 251 118 302; x_wconf 79' lang='lat'>29</span> <span class='ocrx_word' id='word_1_13' title='bbox 159 249 398 302; x_wconf 87' lang='lat' dir='ltr'>defluit</span> <span class='ocrx_word' id='word_1_14' title='bbox 438 249 608 300; x_wconf 86' lang='lat' dir='ltr'>saxis</span> <span class='ocrx_word' id='word_1_15' title='bbox 648 250 936 318; x_wconf 86' lang='lat' dir='ltr'>agitatus</span> <span class='ocrx_word' id='word_1_16' title='bbox 977 269 1167 303; x_wconf 90' lang='lat' dir='ltr'>umor.</span> <span class='ocrx_word' id='word_1_17' title='bbox 1222 252 1391 304; x_wconf 82' lang='lat' dir='ltr'>saxis</span> <span class='ocrx_word' id='word_1_18' title='bbox 1431 253 1603 306; x_wconf 87' lang='lat' dir='ltr'>litoris</span> <span class='ocrx_word' id='word_1_19' title='bbox 1637 255 1733 307; x_wconf 91' lang='lat' dir='ltr'>sci-</span> 
     </span>
     <span class='ocr_line' id='line_1_4' title="bbox 49 322 1733 391; baseline 0.002 -16"><span class='ocrx_word' id='word_1_20' title='bbox 49 324 196 390; x_wconf 87' lang='lat' dir='ltr'>licet,</span> <span class='ocrx_word' id='word_1_21' title='bbox 243 340 378 391; x_wconf 88' lang='lat' dir='ltr'>quae</span> <span class='ocrx_word' id='word_1_22' title='bbox 417 322 748 374; x_wconf 86' lang='lat' dir='ltr'>inundantur</span> <span class='ocrx_word' id='word_1_23' title='bbox 788 324 991 376; x_wconf 88' lang='lat' dir='ltr'>scilicet</span> <span class='ocrx_word' id='word_1_24' title='bbox 1028 324 1278 376; x_wconf 91' lang='lat' dir='ltr'>fluctibus</span> <span class='ocrx_word' id='word_1_25' title='bbox 1320 343 1375 377; x_wconf 87' lang='lat' dir='ltr'>se</span> <span class='ocrx_word' id='word_1_26' title='bbox 1415 326 1472 377; x_wconf 90' lang='lat' dir='ltr'>in</span> <span class='ocrx_word' id='word_1_27' title='bbox 1512 345 1575 379; x_wconf 89' lang='lat' dir='ltr'>ea</span> <span class='ocrx_word' id='word_1_28' title='bbox 1612 328 1733 379; x_wconf 91' lang='lat' dir='ltr'>inli-</span> 
     </span>
     <span class='ocr_line' id='line_1_5' title="bbox 46 396 1731 469; baseline 0.002 -20"><span class='ocrx_word' id='word_1_29' title='bbox 46 396 311 449; x_wconf 87' lang='lat' dir='ltr'>dentibus.</span> <span class='ocrx_word' id='word_1_30' title='bbox 464 396 531 448; x_wconf 83' lang='lat'>31</span> <span class='ocrx_word' id='word_1_31' title='bbox 583 399 643 447; x_wconf 91' lang='lat' dir='ltr'>et</span> <span class='ocrx_word' id='word_1_32' title='bbox 689 397 903 448; x_wconf 85' lang='lat' dir='ltr'>minax</span> <span class='ocrx_word' id='word_1_33' title='bbox 950 398 1098 465; x_wconf 91' lang='lat' dir='ltr'>quia</span> <span class='ocrx_word' id='word_1_34' title='bbox 1150 398 1238 450; x_wconf 89' lang='lat' dir='ltr'>sic</span> <span class='ocrx_word' id='word_1_35' title='bbox 1277 400 1539 452; x_wconf 88' lang='lat' dir='ltr'>uoluere</span> <span class='ocrx_word' id='word_1_36' title='bbox 1578 420 1731 469; x_wconf 91' lang='lat' dir='ltr'>pon-</span> 
     </span>
     <span class='ocr_line' id='line_1_6' title="bbox 44 469 1777 538; baseline 0.004 -17"><span class='ocrx_word' id='word_1_37' title='bbox 44 472 190 522; x_wconf 87' lang='lat' dir='ltr'>tum.</span> <span class='ocrx_word' id='word_1_38' title='bbox 267 469 414 538; x_wconf 90' lang='lat' dir='ltr'>quia</span> <span class='ocrx_word' id='word_1_39' title='bbox 459 470 720 522; x_wconf 86' lang='lat' dir='ltr'>uoluere</span> <span class='ocrx_word' id='word_1_40' title='bbox 759 489 856 538; x_wconf 91' lang='lat' dir='ltr'>pro</span> <span class='ocrx_word' id='word_1_41' title='bbox 900 470 1048 523; x_wconf 68' lang='lat' dir='ltr'>‘cum</span> <span class='ocrx_word' id='word_1_42' title='bbox 1088 472 1341 524; x_wconf 84' lang='lat' dir='ltr'>uoluere&#39;.</span> <span class='ocrx_word' id='word_1_43' title='bbox 1416 475 1777 527; x_wconf 82' lang='lat' dir='ltr'>recumbit5</span> 
     </span>
     <span class='ocr_line' id='line_1_7' title="bbox 44 543 1732 612; baseline 0.004 -17"><span class='ocrx_word' id='word_1_44' title='bbox 44 546 227 596; x_wconf 88' lang='lat' dir='ltr'>autem</span> <span class='ocrx_word' id='word_1_45' title='bbox 271 561 369 612; x_wconf 92' lang='lat' dir='ltr'>pro</span> <span class='ocrx_word' id='word_1_46' title='bbox 419 561 481 595; x_wconf 89' lang='lat' dir='ltr'>eo</span> <span class='ocrx_word' id='word_1_47' title='bbox 530 544 671 611; x_wconf 88' lang='lat' dir='ltr'>quod</span> <span class='ocrx_word' id='word_1_48' title='bbox 711 547 792 596; x_wconf 89' lang='lat' dir='ltr'>est</span> <span class='ocrx_word' id='word_1_49' title='bbox 848 543 1054 612; x_wconf 72' lang='lat' dir='ltr'>equieta</span> <span class='ocrx_word' id='word_1_50' title='bbox 1102 549 1183 597; x_wconf 90' lang='lat' dir='ltr'>est</span> <span class='ocrx_word' id='word_1_51' title='bbox 1230 549 1283 597; x_wconf 90' lang='lat' dir='ltr'>et</span> <span class='ocrx_word' id='word_1_52' title='bbox 1329 546 1474 599; x_wconf 86' lang='lat' dir='ltr'>silet&#39;</span> <span class='ocrx_word' id='word_1_53' title='bbox 1531 548 1732 601; x_wconf 89' lang='lat' dir='ltr'>dictum</span> 
     </span>
     <span class='ocr_line' id='line_1_8' title="bbox 45 617 1730 686; baseline 0.004 -18"><span class='ocrx_word' id='word_1_54' title='bbox 45 620 139 669; x_wconf 88' lang='lat' dir='ltr'>est.</span> <span class='ocrx_word' id='word_1_55' title='bbox 292 617 364 668; x_wconf 89' lang='grc'>34</span> <span class='ocrx_word' id='word_1_56' title='bbox 405 636 483 668; x_wconf 87' lang='lat' dir='ltr'>an</span> <span class='ocrx_word' id='word_1_57' title='bbox 523 618 832 685; x_wconf 90' lang='lat' dir='ltr'>superbos</span> <span class='ocrx_word' id='word_1_58' title='bbox 873 618 1183 686; x_wconf 82' lang='lat' dir='ltr'>Tarquini</span> <span class='ocrx_word' id='word_1_59' title='bbox 1229 620 1441 672; x_wconf 86' lang='lat' dir='ltr'>fasces</span> <span class='ocrx_word' id='word_1_60' title='bbox 1491 621 1730 675; x_wconf 87' lang='lat' dir='ltr'>dubito.</span> 
     </span>
     <span class='ocr_line' id='line_1_9' title="bbox 41 690 1730 762; baseline 0.004 -21"><span class='ocrx_word' id='word_1_61' title='bbox 41 690 285 758; x_wconf 87' lang='lat' dir='ltr'>ineptum</span> <span class='ocrx_word' id='word_1_62' title='bbox 326 693 434 758; x_wconf 79' lang='lat' dir='ltr'>est,</span> <span class='ocrx_word' id='word_1_63' title='bbox 489 691 547 758; x_wconf 85' lang='lat' dir='ltr'>si,</span> <span class='ocrx_word' id='word_1_64' title='bbox 588 691 712 759; x_wconf 86' lang='lat' dir='ltr'>quia</span> <span class='ocrx_word' id='word_1_65' title='bbox 753 692 1063 759; x_wconf 87' lang='lat' dir='ltr'>superbos</span> <span class='ocrx_word' id='word_1_66' title='bbox 1105 692 1262 760; x_wconf 83' lang='lat' dir='ltr'>dixit,</span> <span class='ocrx_word' id='word_1_67' title='bbox 1317 693 1596 762; x_wconf 84' lang='lat' dir='ltr'>Tarquinii</span> <span class='ocrx_word' id='word_1_68' title='bbox 1636 695 1730 748; x_wconf 80' lang='lat' dir='ltr'>Su-</span> 
     </span>
     <span class='ocr_line' id='line_1_10' title="bbox 40 764 1729 838; baseline 0.004 -23"><span class='ocrx_word' id='word_1_69' title='bbox 40 764 195 833; x_wconf 88' lang='lat' dir='ltr'>perbi</span> <span class='ocrx_word' id='word_1_70' title='bbox 232 764 626 833; x_wconf 73' lang='lat' dir='ltr'>intellegamus</span> <span class='ocrx_word' id='word_1_71' title='bbox 688 764 1011 833; x_wconf 83' lang='lat' dir='ltr'>Tarquinius</span> <span class='ocrx_word' id='word_1_72' title='bbox 1053 767 1195 818; x_wconf 89' lang='lat' dir='ltr'>enim</span> <span class='ocrx_word' id='word_1_73' title='bbox 1230 765 1500 835; x_wconf 82' lang='lat' dir='ltr'>Superbus</span> <span class='ocrx_word' id='word_1_74' title='bbox 1535 769 1729 838; x_wconf 86' lang='lat' dir='ltr'>dignus</span> 
     </span>
     <span class='ocr_line' id='line_1_11' title="bbox 40 838 1800 909; baseline 0.004 -21"><span class='ocrx_word' id='word_1_75' title='bbox 40 855 154 889; x_wconf 91' lang='lat' dir='ltr'>non</span> <span class='ocrx_word' id='word_1_76' title='bbox 202 844 302 906; x_wconf 85' lang='lat' dir='ltr'>est,</span> <span class='ocrx_word' id='word_1_77' title='bbox 350 838 434 889; x_wconf 90' lang='lat' dir='ltr'>cui</span> <span class='ocrx_word' id='word_1_78' title='bbox 479 838 665 890; x_wconf 87' lang='lat' dir='ltr'>laudes</span> <span class='ocrx_word' id='word_1_79' title='bbox 715 839 857 891; x_wconf 89' lang='lat' dir='ltr'>inter</span> <span class='ocrx_word' id='word_1_80' title='bbox 905 839 1031 892; x_wconf 89' lang='lat' dir='ltr'>deos</span> <span class='ocrx_word' id='word_1_81' title='bbox 1079 843 1132 891; x_wconf 90' lang='lat' dir='ltr'>et</span> <span class='ocrx_word' id='word_1_82' title='bbox 1169 840 1269 893; x_wconf 90' lang='lat' dir='ltr'>hos</span> <span class='ocrx_word' id='word_1_83' title='bbox 1311 859 1444 909; x_wconf 86' lang='lat' dir='ltr'>quos</span> <span class='ocrx_word' id='word_1_84' title='bbox 1483 843 1731 895; x_wconf 87' lang='lat' dir='ltr'>nominat</span> <span class='ocrx_word' id='word_1_85' title='bbox 1756 860 1800 891; x_wconf 89' lang='lat'>10</span> 
     </span>
     <span class='ocr_line' id='line_1_12' title="bbox 39 911 1730 984; baseline 0.004 -22"><span class='ocrx_word' id='word_1_86' title='bbox 39 911 308 980; x_wconf 82' lang='lat' dir='ltr'>principes</span> <span class='ocrx_word' id='word_1_87' title='bbox 349 911 609 964; x_wconf 89' lang='lat' dir='ltr'>dicantur.</span> <span class='ocrx_word' id='word_1_88' title='bbox 688 913 998 981; x_wconf 89' lang='lat' dir='ltr'>superbos</span> <span class='ocrx_word' id='word_1_89' title='bbox 1051 931 1178 983; x_wconf 88' lang='lat' dir='ltr'>ergo</span> <span class='ocrx_word' id='word_1_90' title='bbox 1218 915 1535 984; x_wconf 88' lang='lat' dir='ltr'>magnificos</span> <span class='ocrx_word' id='word_1_91' title='bbox 1575 917 1730 969; x_wconf 85' lang='lat' dir='ltr'>intel-</span> 
     </span>
     <span class='ocr_line' id='line_1_13' title="bbox 39 985 1730 1059; baseline 0.004 -23"><span class='ocrx_word' id='word_1_92' title='bbox 39 985 298 1055; x_wconf 78' lang='lat' dir='ltr'>legamus,</span> <span class='ocrx_word' id='word_1_93' title='bbox 336 988 398 1037; x_wconf 87' lang='lat' dir='ltr'>ut</span> <span class='ocrx_word' id='word_1_94' title='bbox 436 985 716 1054; x_wconf 87' lang='lat' dir='ltr'>Tarquinii</span> <span class='ocrx_word' id='word_1_95' title='bbox 746 986 917 1039; x_wconf 84' lang='lat' dir='ltr'>Prisci</span> <span class='ocrx_word' id='word_1_96' title='bbox 956 987 1128 1040; x_wconf 85' lang='lat' dir='ltr'>fasces</span> <span class='ocrx_word' id='word_1_97' title='bbox 1170 988 1327 1056; x_wconf 77' lang='lat' dir='ltr'>dicat,</span> <span class='ocrx_word' id='word_1_98' title='bbox 1365 1007 1477 1041; x_wconf 90' lang='lat' dir='ltr'>non</span> <span class='ocrx_word' id='word_1_99' title='bbox 1509 988 1730 1059; x_wconf 88' lang='lat' dir='ltr'>Tarqui-</span> 
     </span>
     <span class='ocr_line' id='line_1_14' title="bbox 38 1056 1729 1131; baseline 0.004 -21"><span class='ocrx_word' id='word_1_100' title='bbox 38 1059 97 1110; x_wconf 90' lang='lat' dir='ltr'>ni</span> <span class='ocrx_word' id='word_1_101' title='bbox 131 1056 371 1128; x_wconf 80' lang='lat' dir='ltr'>Superbi.</span> <span class='ocrx_word' id='word_1_102' title='bbox 482 1059 553 1112; x_wconf 81' lang='lat'>35</span> <span class='ocrx_word' id='word_1_103' title='bbox 595 1079 672 1112; x_wconf 90' lang='lat' dir='ltr'>an</span> <span class='ocrx_word' id='word_1_104' title='bbox 713 1059 978 1113; x_wconf 83' lang='lat' dir='ltr'>Catonis</span> <span class='ocrx_word' id='word_1_105' title='bbox 1018 1080 1070 1113; x_wconf 86' lang='lat' dir='ltr'>n.</span> <span class='ocrx_word' id='word_1_106' title='bbox 1102 1062 1136 1112; x_wconf 94' lang='grc'>1.</span> <span class='ocrx_word' id='word_1_107' title='bbox 1180 1062 1293 1114; x_wconf 90' lang='lat' dir='ltr'>eius</span> <span class='ocrx_word' id='word_1_108' title='bbox 1329 1063 1420 1131; x_wconf 90' lang='lat' dir='ltr'>qui</span> <span class='ocrx_word' id='word_1_109' title='bbox 1454 1081 1508 1115; x_wconf 90' lang='lat' dir='ltr'>se</span> <span class='ocrx_word' id='word_1_110' title='bbox 1540 1062 1729 1117; x_wconf 90' lang='lat' dir='ltr'>Uticae</span> 
     </span>
     <span class='ocr_line' id='line_1_15' title="bbox 39 1132 1729 1204; baseline 0.004 -21"><span class='ocrx_word' id='word_1_111' title='bbox 39 1132 325 1184; x_wconf 71' lang='lat' dir='ltr'>interemit.</span> <span class='ocrx_word' id='word_1_112' title='bbox 427 1133 494 1184; x_wconf 83' lang='grc'>37</span> <span class='ocrx_word' id='word_1_113' title='bbox 530 1134 904 1203; x_wconf 80' lang='lat' dir='ltr'>animaeque</span> <span class='ocrx_word' id='word_1_114' title='bbox 937 1153 1217 1204; x_wconf 89' lang='lat' dir='ltr'>magnae.</span> <span class='ocrx_word' id='word_1_115' title='bbox 1279 1135 1569 1189; x_wconf 86' lang='lat' dir='ltr'>Aemilium</span> <span class='ocrx_word' id='word_1_116' title='bbox 1592 1137 1729 1190; x_wconf 89' lang='lat' dir='ltr'>Pau-</span> 
     </span>
     <span class='ocr_line' id='line_1_16' title="bbox 37 1206 1796 1278; baseline 0.003 -20"><span class='ocrx_word' id='word_1_117' title='bbox 37 1206 156 1260; x_wconf 88' lang='lat' dir='ltr'>lum</span> <span class='ocrx_word' id='word_1_118' title='bbox 207 1206 364 1274; x_wconf 82' lang='lat' dir='ltr'>dicit,</span> <span class='ocrx_word' id='word_1_119' title='bbox 426 1207 517 1274; x_wconf 91' lang='lat' dir='ltr'>qui</span> <span class='ocrx_word' id='word_1_120' title='bbox 579 1208 753 1259; x_wconf 89' lang='lat' dir='ltr'>uictus</span> <span class='ocrx_word' id='word_1_121' title='bbox 818 1209 883 1260; x_wconf 88' lang='lat' dir='ltr'>ab</span> <span class='ocrx_word' id='word_1_122' title='bbox 946 1208 1253 1261; x_wconf 88' lang='lat' dir='ltr'>Hannibale</span> <span class='ocrx_word' id='word_1_123' title='bbox 1317 1211 1459 1278; x_wconf 90' lang='lat' dir='ltr'>apud</span> <span class='ocrx_word' id='word_1_124' title='bbox 1514 1209 1728 1264; x_wconf 82' lang='lat' dir='ltr'>Cannas</span> <span class='ocrx_word' id='word_1_125' title='bbox 1755 1229 1796 1261; x_wconf 83' lang='lat'>15</span> 
     </span>
     <span class='ocr_line' id='line_1_17' title="bbox 39 1278 1728 1355; baseline 0.004 -24"><span class='ocrx_word' id='word_1_126' title='bbox 39 1278 270 1348; x_wconf 88' lang='lat' dir='ltr'>Apuliae</span> <span class='ocrx_word' id='word_1_127' title='bbox 310 1281 489 1332; x_wconf 90' lang='lat' dir='ltr'>uicum</span> <span class='ocrx_word' id='word_1_128' title='bbox 528 1282 718 1333; x_wconf 86' lang='lat' dir='ltr'>maluit</span> <span class='ocrx_word' id='word_1_129' title='bbox 756 1282 951 1350; x_wconf 75' lang='lat' dir='ltr'>perire,</span> <span class='ocrx_word' id='word_1_130' title='bbox 1007 1301 1168 1350; x_wconf 90' lang='lat' dir='ltr'>quam</span> <span class='ocrx_word' id='word_1_131' title='bbox 1208 1284 1448 1352; x_wconf 87' lang='lat' dir='ltr'>exemplo</span> <span class='ocrx_word' id='word_1_132' title='bbox 1491 1285 1728 1355; x_wconf 82' lang='lat' dir='ltr'>collegae</span> 
     </span>
     <span class='ocr_line' id='line_1_18' title="bbox 38 1352 1727 1426; baseline 0.004 -21"><span class='ocrx_word' id='word_1_133' title='bbox 38 1352 302 1406; x_wconf 89' lang='lat' dir='ltr'>Uarronis</span> <span class='ocrx_word' id='word_1_134' title='bbox 357 1353 559 1422; x_wconf 85' lang='lat' dir='ltr'>fugere.</span> <span class='ocrx_word' id='word_1_135' title='bbox 639 1355 885 1407; x_wconf 90' lang='lat' dir='ltr'>animae</span> <span class='ocrx_word' id='word_1_136' title='bbox 927 1373 1053 1425; x_wconf 91' lang='lat' dir='ltr'>ergo</span> <span class='ocrx_word' id='word_1_137' title='bbox 1094 1356 1432 1426; x_wconf 87' lang='lat' dir='ltr'>prodigum</span> <span class='ocrx_word' id='word_1_138' title='bbox 1473 1357 1727 1411; x_wconf 70' lang='lat' dir='ltr'>‘contem-</span> 
     </span>
     <span class='ocr_line' id='line_1_19' title="bbox 37 1426 1729 1499; baseline 0.005 -22"><span class='ocrx_word' id='word_1_139' title='bbox 37 1429 250 1496; x_wconf 89' lang='lat' dir='ltr'>ptorem</span> <span class='ocrx_word' id='word_1_140' title='bbox 295 1426 466 1478; x_wconf 84' lang='lat' dir='ltr'>uitae&#39;</span> <span class='ocrx_word' id='word_1_141' title='bbox 512 1428 949 1497; x_wconf 84' lang='lat' dir='ltr'>intellegendum.</span> <span class='ocrx_word' id='word_1_142' title='bbox 1025 1430 1238 1499; x_wconf 83' lang='lat' dir='ltr'>prodigi</span> <span class='ocrx_word' id='word_1_143' title='bbox 1286 1431 1428 1483; x_wconf 91' lang='lat' dir='ltr'>enim</span> <span class='ocrx_word' id='word_1_144' title='bbox 1478 1432 1729 1485; x_wconf 87' lang='lat' dir='ltr'>dicuntur</span> 
     </span>
     <span class='ocr_line' id='line_1_20' title="bbox 36 1500 1727 1574; baseline 0.005 -23"><span class='ocrx_word' id='word_1_145' title='bbox 36 1500 274 1569; x_wconf 85' lang='lat' dir='ltr'>proprie,</span> <span class='ocrx_word' id='word_1_146' title='bbox 321 1500 412 1568; x_wconf 93' lang='lat' dir='ltr'>qui</span> <span class='ocrx_word' id='word_1_147' title='bbox 457 1501 602 1553; x_wconf 90' lang='lat' dir='ltr'>bona</span> <span class='ocrx_word' id='word_1_148' title='bbox 650 1520 747 1554; x_wconf 89' lang='lat' dir='ltr'>sua</span> <span class='ocrx_word' id='word_1_149' title='bbox 794 1520 825 1553; x_wconf 91' lang='lat' dir='ltr'>a</span> <span class='ocrx_word' id='word_1_150' title='bbox 874 1521 928 1554; x_wconf 92' lang='lat' dir='ltr'>se</span> <span class='ocrx_word' id='word_1_151' title='bbox 977 1503 1312 1572; x_wconf 87' lang='lat' dir='ltr'>disperdunt,</span> <span class='ocrx_word' id='word_1_152' title='bbox 1359 1506 1513 1573; x_wconf 89' lang='lat' dir='ltr'>quasi</span> <span class='ocrx_word' id='word_1_153' title='bbox 1565 1525 1727 1574; x_wconf 89' lang='lat' dir='ltr'>porro</span> 
     </span>
     <span class='ocr_line' id='line_1_21' title="bbox 38 1574 1796 1644; baseline 0.003 -19"><span class='ocrx_word' id='word_1_154' title='bbox 38 1592 102 1626; x_wconf 86' lang='lat' dir='ltr'>ea</span> <span class='ocrx_word' id='word_1_155' title='bbox 140 1574 207 1626; x_wconf 89' lang='lat' dir='ltr'>ab</span> <span class='ocrx_word' id='word_1_156' title='bbox 242 1592 296 1626; x_wconf 88' lang='lat' dir='ltr'>se</span> <span class='ocrx_word' id='word_1_157' title='bbox 330 1578 567 1644; x_wconf 86' lang='lat' dir='ltr'>agentes.</span> <span class='ocrx_word' id='word_1_158' title='bbox 664 1576 737 1628; x_wconf 83' lang='lat'>40</span> <span class='ocrx_word' id='word_1_159' title='bbox 775 1575 1138 1628; x_wconf 87' lang='lat' dir='ltr'>Fabricium</span> <span class='ocrx_word' id='word_1_160' title='bbox 1177 1577 1470 1631; x_wconf 90' lang='lat' dir='ltr'>Luscinum</span> <span class='ocrx_word' id='word_1_161' title='bbox 1510 1580 1726 1633; x_wconf 90' lang='lat' dir='ltr'>scilicet.</span> <span class='ocrx_word' id='word_1_162' title='bbox 1751 1598 1796 1630; x_wconf 82' lang='lat'>20</span> 
     </span>
     <span class='ocr_line' id='line_1_22' title="bbox 187 1648 1728 1720; baseline 0.005 -21"><span class='ocrx_word' id='word_1_163' title='bbox 187 1648 258 1700; x_wconf 84' lang='lat'>43</span> <span class='ocrx_word' id='word_1_164' title='bbox 300 1651 446 1716; x_wconf 89' lang='lat' dir='ltr'>apto</span> <span class='ocrx_word' id='word_1_165' title='bbox 496 1667 632 1702; x_wconf 91' lang='lat' dir='ltr'>cum</span> <span class='ocrx_word' id='word_1_166' title='bbox 677 1651 811 1701; x_wconf 90' lang='lat' dir='ltr'>lare</span> <span class='ocrx_word' id='word_1_167' title='bbox 858 1651 1111 1703; x_wconf 78' lang='lat' dir='ltr'>fundus,</span> <span class='ocrx_word' id='word_1_168' title='bbox 1190 1655 1339 1720; x_wconf 89' lang='lat' dir='ltr'>apto</span> <span class='ocrx_word' id='word_1_169' title='bbox 1380 1654 1513 1706; x_wconf 87' lang='lat' dir='ltr'>lare</span> <span class='ocrx_word' id='word_1_170' title='bbox 1554 1654 1607 1706; x_wconf 86' lang='lat' dir='ltr'>id</span> <span class='ocrx_word' id='word_1_171' title='bbox 1647 1659 1728 1707; x_wconf 90' lang='lat' dir='ltr'>est</span> 
     </span>
     <span class='ocr_line' id='line_1_23' title="bbox 38 1722 1727 1794; baseline 0.004 -21"><span class='ocrx_word' id='word_1_172' title='bbox 38 1722 391 1774; x_wconf 88' lang='lat' dir='ltr'>conueniente</span> <span class='ocrx_word' id='word_1_173' title='bbox 432 1726 618 1791; x_wconf 88' lang='lat' dir='ltr'>gratus</span> <span class='ocrx_word' id='word_1_174' title='bbox 657 1723 855 1776; x_wconf 86' lang='lat' dir='ltr'>fundus</span> <span class='ocrx_word' id='word_1_175' title='bbox 894 1725 1303 1794; x_wconf 81' lang='lat' dir='ltr'>intellegendus,</span> <span class='ocrx_word' id='word_1_176' title='bbox 1447 1729 1517 1780; x_wconf 84' lang='grc'>46</span> <span class='ocrx_word' id='word_1_177' title='bbox 1558 1728 1727 1785; x_wconf 84' lang='lat' dir='ltr'>fama</span> 
     </span>
     <span class='ocr_line' id='line_1_24' title="bbox 36 1794 1725 1869; baseline 0.005 -22"><span class='ocrx_word' id='word_1_178' title='bbox 36 1794 345 1848; x_wconf 87' lang='lat' dir='ltr'>Marcelli.</span> <span class='ocrx_word' id='word_1_179' title='bbox 423 1795 706 1849; x_wconf 81' lang='lat' dir='ltr'>Claudium</span> <span class='ocrx_word' id='word_1_180' title='bbox 767 1796 1082 1851; x_wconf 91' lang='lat' dir='ltr'>Marcellum</span> <span class='ocrx_word' id='word_1_181' title='bbox 1146 1800 1416 1869; x_wconf 87' lang='lat' dir='ltr'>significat</span> <span class='ocrx_word' id='word_1_182' title='bbox 1470 1800 1725 1855; x_wconf 90' lang='lat' dir='ltr'>Octauiae</span> 
     </span>
     <span class='ocr_line' id='line_1_25' title="bbox 37 1868 1727 1945; baseline 0.004 -24"><span class='ocrx_word' id='word_1_183' title='bbox 37 1868 273 1939; x_wconf 75' lang='lat' dir='ltr'>Augusti</span> <span class='ocrx_word' id='word_1_184' title='bbox 314 1870 511 1923; x_wconf 89' lang='lat' dir='ltr'>sororis</span> <span class='ocrx_word' id='word_1_185' title='bbox 552 1871 748 1940; x_wconf 79' lang='lat' dir='ltr'>filium,</span> <span class='ocrx_word' id='word_1_186' title='bbox 787 1872 937 1925; x_wconf 88' lang='lat' dir='ltr'>cuius</span> <span class='ocrx_word' id='word_1_187' title='bbox 977 1872 1256 1925; x_wconf 89' lang='lat' dir='ltr'>interitum</span> <span class='ocrx_word' id='word_1_188' title='bbox 1295 1873 1628 1945; x_wconf 87' lang='lat' dir='ltr'>Uergilius</span> <span class='ocrx_word' id='word_1_189' title='bbox 1668 1877 1727 1928; x_wconf 91' lang='lat' dir='ltr'>in</span> 
     </span>
     <span class='ocr_line' id='line_1_26' title="bbox 37 1943 1796 2002; baseline 0.002 -7"><span class='ocrx_word' id='word_1_190' title='bbox 37 1947 187 1996; x_wconf 86' lang='lat' dir='ltr'>sexto</span> <span class='ocrx_word' id='word_1_191' title='bbox 242 1943 379 1996; x_wconf 86' lang='lat' dir='ltr'>libro</span> <span class='ocrx_word' id='word_1_192' title='bbox 432 1944 602 1997; x_wconf 89' lang='lat' dir='ltr'>deflet.</span> <span class='ocrx_word' id='word_1_193' title='bbox 681 1947 1002 1998; x_wconf 91' lang='lat' dir='ltr'>occultum</span> <span class='ocrx_word' id='word_1_194' title='bbox 1049 1950 1228 1999; x_wconf 89' lang='lat' dir='ltr'>autem</span> <span class='ocrx_word' id='word_1_195' title='bbox 1277 1966 1468 2001; x_wconf 87' lang='lat' dir='ltr'>aeuum</span> <span class='ocrx_word' id='word_1_196' title='bbox 1518 1949 1722 2002; x_wconf 89' lang='lat' dir='ltr'>occulte</span> <span class='ocrx_word' id='word_1_197' title='bbox 1751 1967 1796 1999; x_wconf 82' lang='lat'>25</span> 
     </span>
     <span class='ocr_line' id='line_1_27' title="bbox 35 2017 1725 2088; baseline 0.004 -19"><span class='ocrx_word' id='word_1_198' title='bbox 35 2017 330 2085; x_wconf 88' lang='lat' dir='ltr'>procedens</span> <span class='ocrx_word' id='word_1_199' title='bbox 381 2018 818 2088; x_wconf 87' lang='lat' dir='ltr'>intellegendum.</span> <span class='ocrx_word' id='word_1_200' title='bbox 962 2021 1031 2071; x_wconf 82' lang='lat'>47</span> <span class='ocrx_word' id='word_1_201' title='bbox 1073 2019 1307 2072; x_wconf 89' lang='lat' dir='ltr'>Iulium</span> <span class='ocrx_word' id='word_1_202' title='bbox 1356 2023 1545 2075; x_wconf 78' lang='lat' dir='ltr'>sidus,</span> <span class='ocrx_word' id='word_1_203' title='bbox 1623 2022 1725 2075; x_wconf 79' lang='lat' dir='ltr'>Grai</span> 
     </span>
     <span class='ocr_line' id='line_1_28' title="bbox 35 2088 1726 2165; baseline 0.004 -23"><span class='ocrx_word' id='word_1_204' title='bbox 35 2088 281 2143; x_wconf 82' lang='lat' dir='ltr'>Caesaris</span> <span class='ocrx_word' id='word_1_205' title='bbox 320 2092 531 2144; x_wconf 89' lang='lat' dir='ltr'>stellam</span> <span class='ocrx_word' id='word_1_206' title='bbox 571 2093 713 2145; x_wconf 89' lang='lat' dir='ltr'>dicit.</span> <span class='ocrx_word' id='word_1_207' title='bbox 812 2093 884 2145; x_wconf 77' lang='lat'>52</span> <span class='ocrx_word' id='word_1_208' title='bbox 925 2093 1150 2146; x_wconf 78' lang='lat' dir='ltr'>Gentis</span> <span class='ocrx_word' id='word_1_209' title='bbox 1189 2094 1502 2148; x_wconf 87' lang='lat' dir='ltr'>humanae</span> <span class='ocrx_word' id='word_1_210' title='bbox 1542 2099 1726 2165; x_wconf 88' lang='lat' dir='ltr'>pater</span> 
     </span>
     <span class='ocr_line' id='line_1_29' title="bbox 38 2166 1722 2239; baseline 0.005 -24"><span class='ocrx_word' id='word_1_211' title='bbox 38 2167 228 2232; x_wconf 89' lang='lat' dir='ltr'>atque</span> <span class='ocrx_word' id='word_1_212' title='bbox 269 2167 486 2217; x_wconf 89' lang='lat' dir='ltr'>custos</span> <span class='ocrx_word' id='word_1_213' title='bbox 529 2170 657 2217; x_wconf 74' lang='lat' dir='ltr'>..tu</span> <span class='ocrx_word' id='word_1_214' title='bbox 693 2168 908 2219; x_wconf 68' lang='lat' dir='ltr'>secundo</span> <span class='ocrx_word' id='word_1_215' title='bbox 948 2166 1165 2220; x_wconf 76' lang='lat' dir='ltr'>Caesare</span> <span class='ocrx_word' id='word_1_216' title='bbox 1201 2186 1388 2236; x_wconf 58' lang='lat' dir='ltr'>regnes.</span> <span class='ocrx_word' id='word_1_217' title='bbox 1452 2171 1606 2239; x_wconf 91' lang='lat' dir='ltr'>quasi</span> <span class='ocrx_word' id='word_1_218' title='bbox 1639 2190 1722 2224; x_wconf 90' lang='lat' dir='ltr'>oc-</span> 
     </span>
     <span class='ocr_line' id='line_1_30' title="bbox 35 2238 1723 2312; baseline 0.005 -24"><span class='ocrx_word' id='word_1_219' title='bbox 35 2238 210 2290; x_wconf 89' lang='lat' dir='ltr'>cultus</span> <span class='ocrx_word' id='word_1_220' title='bbox 251 2255 454 2290; x_wconf 80' lang='lat' dir='ltr'>sensus,</span> <span class='ocrx_word' id='word_1_221' title='bbox 529 2239 632 2292; x_wconf 91' lang='lat' dir='ltr'>hoc</span> <span class='ocrx_word' id='word_1_222' title='bbox 673 2242 853 2292; x_wconf 89' lang='lat' dir='ltr'>autem</span> <span class='ocrx_word' id='word_1_223' title='bbox 891 2241 1042 2293; x_wconf 87' lang='lat' dir='ltr'>dicit:</span> <span class='ocrx_word' id='word_1_224' title='bbox 1096 2242 1173 2294; x_wconf 92' lang='lat' dir='ltr'>ita</span> <span class='ocrx_word' id='word_1_225' title='bbox 1211 2260 1420 2312; x_wconf 77' lang='lat' dir='ltr'>regneS‚</span> <span class='ocrx_word' id='word_1_226' title='bbox 1458 2247 1519 2296; x_wconf 89' lang='lat' dir='ltr'>ut</span> <span class='ocrx_word' id='word_1_227' title='bbox 1556 2246 1723 2297; x_wconf 89' lang='lat' dir='ltr'>nemi-</span> 
     </span>
     <span class='ocr_line' id='line_1_31' title="bbox 32 2312 1801 2385; baseline 0.005 -23"><span class='ocrx_word' id='word_1_228' title='bbox 32 2329 160 2363; x_wconf 87' lang='lat' dir='ltr'>nem</span> <span class='ocrx_word' id='word_1_229' title='bbox 199 2312 490 2364; x_wconf 86' lang='lat' dir='ltr'>secundum</span> <span class='ocrx_word' id='word_1_230' title='bbox 530 2313 624 2365; x_wconf 92' lang='lat' dir='ltr'>abs</span> <span class='ocrx_word' id='word_1_231' title='bbox 663 2316 716 2366; x_wconf 89' lang='lat' dir='ltr'>te</span> <span class='ocrx_word' id='word_1_232' title='bbox 754 2315 888 2366; x_wconf 87' lang='lat' dir='ltr'>uelis</span> <span class='ocrx_word' id='word_1_233' title='bbox 929 2333 1043 2368; x_wconf 90' lang='lat' dir='ltr'>esse</span> <span class='ocrx_word' id='word_1_234' title='bbox 1084 2335 1245 2385; x_wconf 91' lang='lat' dir='ltr'>quam</span> <span class='ocrx_word' id='word_1_235' title='bbox 1286 2315 1583 2371; x_wconf 83' lang='lat' dir='ltr'>Gaesarem.</span> <span class='ocrx_word' id='word_1_236' title='bbox 1758 2338 1801 2370; x_wconf 80' lang='lat'>30</span> 
     </span>
     <span class='ocr_line' id='line_1_32' title="bbox 35 2384 1722 2461; baseline 0.005 -24"><span class='ocrx_word' id='word_1_237' title='bbox 35 2384 106 2437; x_wconf 81' lang='lat'>53</span> <span class='ocrx_word' id='word_1_238' title='bbox 146 2385 264 2437; x_wconf 91' lang='lat' dir='ltr'>Ille</span> <span class='ocrx_word' id='word_1_239' title='bbox 314 2404 422 2438; x_wconf 90' lang='lat' dir='ltr'>seu</span> <span class='ocrx_word' id='word_1_240' title='bbox 469 2386 742 2440; x_wconf 87' lang='lat' dir='ltr'>Parthos</span> <span class='ocrx_word' id='word_1_241' title='bbox 782 2387 983 2442; x_wconf 89' lang='lat' dir='ltr'>Latio.</span> <span class='ocrx_word' id='word_1_242' title='bbox 1062 2394 1218 2459; x_wconf 90' lang='lat' dir='ltr'>grata</span> <span class='ocrx_word' id='word_1_243' title='bbox 1258 2393 1606 2461; x_wconf 86' lang='lat' dir='ltr'>conceptione</span> <span class='ocrx_word' id='word_1_244' title='bbox 1646 2394 1722 2446; x_wconf 92' lang='lat' dir='ltr'>lo-</span> 
     </span>
    </p>
   </div>
   <div class='ocr_carea' id='block_1_3' title="bbox 34 2490 390 2497">
    <p class='ocr_par' dir='ltr' id='par_1_3' title="bbox 34 2490 390 2497">
     <span class='ocr_line' id='line_1_33' title="bbox 34 2490 390 2497; baseline 0 700"><span class='ocrx_word' id='word_1_245' title='bbox 34 2490 390 2497; x_wconf 95' lang='lat' dir='ltr'> </span> 
     </span>
    </p>
   </div>
   <div class='ocr_carea' id='block_1_4' title="bbox 158 2531 1343 2593">
    <p class='ocr_par' dir='ltr' id='par_1_4' title="bbox 158 2531 1343 2593">
     <span class='ocr_line' id='line_1_34' title="bbox 158 2531 1343 2593; baseline 0.006 -19"><span class='ocrx_word' id='word_1_246' title='bbox 158 2536 180 2574; x_wconf 90' lang='lat'>1</span> <span class='ocrx_word' id='word_1_247' title='bbox 213 2531 351 2588; x_wconf 86' lang='lat' dir='ltr'>Verg.</span> <span class='ocrx_word' id='word_1_248' title='bbox 383 2533 497 2576; x_wconf 90' lang='lat' dir='ltr'>Aen.</span> <span class='ocrx_word' id='word_1_249' title='bbox 531 2531 583 2587; x_wconf 69' lang='lat'>4,&#39;</span> <span class='ocrx_word' id='word_1_250' title='bbox 607 2537 692 2576; x_wconf 83' lang='lat'>514</span> <span class='ocrx_word' id='word_1_251' title='bbox 814 2538 870 2576; x_wconf 82' lang='lat'>24</span> <span class='ocrx_word' id='word_1_252' title='bbox 901 2534 1016 2579; x_wconf 88' lang='lat' dir='ltr'>Aen.</span> <span class='ocrx_word' id='word_1_253' title='bbox 1050 2540 1090 2590; x_wconf 84' lang='grc'>6,</span> <span class='ocrx_word' id='word_1_254' title='bbox 1125 2540 1209 2580; x_wconf 83' lang='grc'>856</span> <span class='ocrx_word' id='word_1_255' title='bbox 1244 2551 1343 2593; x_wconf 89' lang='lat' dir='ltr'>sqq.</span> 
     </span>
    </p>
   </div>
   <div class='ocr_carea' id='block_1_5' title="bbox 35 2614 390 2622">
    <p class='ocr_par' dir='ltr' id='par_1_5' title="bbox 35 2614 390 2622">
     <span class='ocr_line' id='line_1_35' title="bbox 35 2614 390 2622; baseline 0 575"><span class='ocrx_word' id='word_1_256' title='bbox 35 2614 390 2622; x_wconf 95' lang='lat' dir='ltr'> </span> 
     </span>
    </p>
   </div>
   <div class='ocr_carea' id='block_1_6' title="bbox 27 2653 1725 3001">
    <p class='ocr_par' dir='ltr' id='par_1_6' title="bbox 27 2653 1725 2949">
     <span class='ocr_line' id='line_1_36' title="bbox 157 2653 1720 2710; baseline 0.005 -18"><span class='ocrx_word' id='word_1_257' title='bbox 157 2655 180 2691; x_wconf 91' lang='lat'>1</span> <span class='ocrx_word' id='word_1_258' title='bbox 214 2664 346 2705; x_wconf 82' lang='lat' dir='ltr'>nigro</span> <span class='ocrx_word' id='word_1_259' title='bbox 379 2655 419 2693; x_wconf 72' lang='lat' dir='ltr'>et</span> <span class='ocrx_word' id='word_1_260' title='bbox 449 2664 678 2696; x_wconf 84' lang='lat' dir='ltr'>uenenum</span> <span class='ocrx_word' id='word_1_261' title='bbox 713 2653 775 2695; x_wconf 99' lang='lat' dir='ltr'><em>M</em></span> <span class='ocrx_word' id='word_1_262' title='bbox 893 2657 917 2696; x_wconf 97' lang='grc'>2</span> <span class='ocrx_word' id='word_1_263' title='bbox 951 2653 1180 2710; x_wconf 86' lang='lat' dir='ltr'>agitatus:</span> <span class='ocrx_word' id='word_1_264' title='bbox 1215 2657 1319 2699; x_wconf 83' lang='lat' dir='ltr'>atus</span> <span class='ocrx_word' id='word_1_265' title='bbox 1355 2656 1418 2698; x_wconf 93' lang='lat' dir='ltr'><em>M</em></span> <span class='ocrx_word' id='word_1_266' title='bbox 1535 2660 1560 2699; x_wconf 86' lang='lat'>5</span> <span class='ocrx_word' id='word_1_267' title='bbox 1594 2670 1720 2702; x_wconf 86' lang='lat' dir='ltr'>cum:</span> 
     </span>
     <span class='ocr_line' id='line_1_37' title="bbox 34 2708 1719 2769; baseline 0.005 -18"><span class='ocrx_word' id='word_1_268' title='bbox 34 2720 123 2752; x_wconf 87' lang='lat' dir='ltr'>con</span> <span class='ocrx_word' id='word_1_269' title='bbox 149 2708 223 2761; x_wconf 84' lang='lat' dir='ltr'>M,</span> <span class='ocrx_word' id='word_1_270' title='bbox 255 2709 530 2753; x_wconf 86' lang='lat' dir='ltr'>conuoluere</span> <span class='ocrx_word' id='word_1_271' title='bbox 561 2723 619 2755; x_wconf 80' lang='lat' dir='ltr'>sc.</span> <span class='ocrx_word' id='word_1_272' title='bbox 645 2713 841 2767; x_wconf 84' lang='lat' dir='ltr'>pontum</span> <span class='ocrx_word' id='word_1_273' title='bbox 865 2711 1035 2756; x_wconf 78' lang='lat' dir='ltr'>Robert</span> <span class='ocrx_word' id='word_1_274' title='bbox 1068 2713 1219 2769; x_wconf 61' lang='lat' dir='ltr'>Unger</span> <span class='ocrx_word' id='word_1_275' title='bbox 1250 2715 1579 2759; x_wconf 72' lang='lat' dir='ltr'>emendatioows</span> <span class='ocrx_word' id='word_1_276' title='bbox 1602 2715 1719 2760; x_wconf 77' lang='lat' dir='ltr'>Hor.</span> 
     </span>
     <span class='ocr_line' id='line_1_38' title="bbox 27 2768 1666 2826; baseline 0.005 -17"><span class='ocrx_word' id='word_1_277' title='bbox 27 2779 78 2822; x_wconf 79' lang='lat' dir='ltr'>p.</span> <span class='ocrx_word' id='word_1_278' title='bbox 101 2770 196 2810; x_wconf 84' lang='lat'>167</span> <span class='ocrx_word' id='word_1_279' title='bbox 288 2773 313 2811; x_wconf 88' lang='grc'><strong>6</strong></span> <span class='ocrx_word' id='word_1_280' title='bbox 348 2768 472 2823; x_wconf 85' lang='lat' dir='ltr'>quod</span> <span class='ocrx_word' id='word_1_281' title='bbox 502 2770 574 2812; x_wconf 87' lang='lat' dir='ltr'>est</span> <span class='ocrx_word' id='word_1_282' title='bbox 603 2783 708 2813; x_wconf 68' lang='lat'><strong><em>⁹203.-</em></strong></span> <span class='ocrx_word' id='word_1_283' title='bbox 740 2771 864 2826; x_wconf 84' lang='lat' dir='ltr'>quod</span> <span class='ocrx_word' id='word_1_284' title='bbox 898 2771 960 2814; x_wconf 88' lang='lat' dir='ltr'><em>M</em></span> <span class='ocrx_word' id='word_1_285' title='bbox 1050 2777 1104 2816; x_wconf 90' lang='lat'>10</span> <span class='ocrx_word' id='word_1_286' title='bbox 1135 2787 1228 2817; x_wconf 92' lang='lat' dir='ltr'>non</span> <span class='ocrx_word' id='word_1_287' title='bbox 1259 2774 1342 2817; x_wconf 85' lang='lat' dir='ltr'>est.</span> <span class='ocrx_word' id='word_1_288' title='bbox 1375 2774 1482 2817; x_wconf 87' lang='lat' dir='ltr'>Non</span> <span class='ocrx_word' id='word_1_289' title='bbox 1505 2775 1577 2818; x_wconf 86' lang='lat' dir='ltr'>est</span> <span class='ocrx_word' id='word_1_290' title='bbox 1602 2775 1666 2817; x_wconf 93' lang='lat' dir='ltr'><em>M</em></span> 
     </span>
     <span class='ocr_line' id='line_1_39' title="bbox 36 2827 1720 2882; baseline 0.005 -14"><span class='ocrx_word' id='word_1_291' title='bbox 36 2830 91 2868; x_wconf 83' lang='lat'>12</span> <span class='ocrx_word' id='word_1_292' title='bbox 123 2827 293 2870; x_wconf 87' lang='lat' dir='ltr'>nontar</span> <span class='ocrx_word' id='word_1_293' title='bbox 326 2841 457 2882; x_wconf 83' lang='lat' dir='ltr'>quim</span> <span class='ocrx_word' id='word_1_294' title='bbox 490 2828 552 2870; x_wconf 90' lang='lat' dir='ltr'><em>M</em></span> <span class='ocrx_word' id='word_1_295' title='bbox 655 2833 710 2872; x_wconf 82' lang='lat'>20</span> <span class='ocrx_word' id='word_1_296' title='bbox 742 2829 991 2874; x_wconf 82' lang='lat' dir='ltr'>luscinium</span> <span class='ocrx_word' id='word_1_297' title='bbox 1025 2831 1088 2874; x_wconf 86' lang='lat' dir='ltr'><em>M</em></span> <span class='ocrx_word' id='word_1_298' title='bbox 1192 2837 1245 2875; x_wconf 88' lang='grc'>21</span> <span class='ocrx_word' id='word_1_299' title='bbox 1278 2832 1446 2876; x_wconf 87' lang='lat' dir='ltr'>fundos</span> <span class='ocrx_word' id='word_1_300' title='bbox 1480 2833 1543 2876; x_wconf 94' lang='lat' dir='ltr'><em>M</em></span> <span class='ocrx_word' id='word_1_301' title='bbox 1569 2833 1618 2877; x_wconf 84' lang='lat' dir='ltr'>id</span> <span class='ocrx_word' id='word_1_302' title='bbox 1649 2835 1720 2878; x_wconf 88' lang='lat' dir='ltr'>est</span> 
     </span>
     <span class='ocr_line' id='line_1_40' title="bbox 31 2883 1725 2949; baseline 0.006 -23"><span class='ocrx_word' id='word_1_303' title='bbox 31 2883 269 2929; x_wconf 77' lang='lat' dir='ltr'>Hauthal:</span> <span class='ocrx_word' id='word_1_304' title='bbox 301 2885 338 2928; x_wconf 65' lang='lat' dir='ltr'>Sc</span> <span class='ocrx_word' id='word_1_305' title='bbox 371 2886 434 2928; x_wconf 88' lang='lat' dir='ltr'><em>M</em></span> <span class='ocrx_word' id='word_1_306' title='bbox 573 2892 629 2931; x_wconf 84' lang='lat'>24</span> <span class='ocrx_word' id='word_1_307' title='bbox 661 2889 887 2946; x_wconf 83' lang='lat' dir='ltr'>augustae</span> <span class='ocrx_word' id='word_1_308' title='bbox 922 2890 985 2933; x_wconf 91' lang='lat' dir='ltr'><em>M</em></span> <span class='ocrx_word' id='word_1_309' title='bbox 1117 2896 1171 2934; x_wconf 86' lang='grc'>28</span> <span class='ocrx_word' id='word_1_310' title='bbox 1204 2892 1327 2934; x_wconf 89' lang='lat' dir='ltr'>tu—</span> <span class='ocrx_word' id='word_1_311' title='bbox 1346 2905 1511 2949; x_wconf 84' lang='lat' dir='ltr'>regnes</span> <span class='ocrx_word' id='word_1_312' title='bbox 1543 2906 1626 2938; x_wconf 82' lang='lat' dir='ltr'>om.</span> <span class='ocrx_word' id='word_1_313' title='bbox 1660 2893 1725 2936; x_wconf 90' lang='lat' dir='ltr'><em>M</em></span> 
     </span>
    </p>

    <p class='ocr_par' dir='ltr' id='par_1_7' title="bbox 161 2945 511 3001">
     <span class='ocr_line' id='line_1_41' title="bbox 161 2945 511 3001; baseline 0.003 -15"><span class='ocrx_word' id='word_1_314' title='bbox 161 2948 216 2988; x_wconf 84' lang='lat'>29</span> <span class='ocrx_word' id='word_1_315' title='bbox 247 2958 412 3001; x_wconf 86' lang='lat' dir='ltr'>regens</span> <span class='ocrx_word' id='word_1_316' title='bbox 448 2945 511 2987; x_wconf 91' lang='lat' dir='ltr'><em>M</em></span> 
     </span>
    </p>
   </div>
   <div class='ocr_carea' id='block_1_7' title="bbox 121 3030 1365 3068">
    <p class='ocr_par' dir='ltr' id='par_1_8' title="bbox 121 3030 1365 3068">
     <span class='ocr_line' id='line_1_42' title="bbox 121 3030 1365 3068; baseline 0.013 -4"><span class='ocrx_word' id='word_1_317' title='bbox 121 3033 394 3068; x_wconf 74' lang='lat' dir='ltr'><strong>PORPHYRION.</strong></span> <span class='ocrx_word' id='word_1_318' title='bbox 1339 3030 1365 3068; x_wconf 72' lang='lat'><strong>2</strong></span> 
     </span>
    </p>
   </div>
  </div>
 </body>
</html>
