1939 3197
149 119 217 172 86
847 115 965 160 ODE
998 115 1078 169 ΠΙ,
1110 118 1150 158 5.

150 257 247 309 sub
275 253 468 307 Crasso
502 252 882 320 militauerant,
920 250 1116 302 oblitos
1140 250 1414 304 Romanae
1446 252 1670 306 uirtutis·
1698 256 1842 324 apud

147 329 381 384 Parthos
406 327 664 380 resedisse
689 324 1078 394 turpitudinem
1103 326 1433 394 captiuitatis
1459 345 1628 395 aequo
1660 329 1839 382 animo

148 405 398 458 ferentes,
552 402 584 453 6
625 401 835 469 turpis
887 399 1156 453 maritus
1207 400 1372 452 uixit
1426 403 1485 453 et
1535 401 1845 473 hostium,

151 498 263 549 pro
321 475 497 528 curia
550 474 925 543 inuersique
981 492 1209 543 moreS,
1265 476 1608 527 consenuit
1672 495 1842 530 soce-

107 570 366 606 5rorum
418 550 483 601 in
546 550 753 601 armis
853 543 1169 617 ὑπέρβατον
1228 549 1302 600 sic
1350 549 1726 603 ordinandum:
1791 555 1844 604 et

152 626 392 680 hostium
434 641 739 675 socerorum
778 624 836 674 in
877 623 1037 674 armis
1079 624 1375 675 consenuit.
1455 642 1580 676 nam
1619 624 1712 677 illa
1749 644 1846 694 per

155 698 599 756 exclamationem
638 716 733 766 per
772 697 1007 749 medium
1057 700 1181 749 sunt
1221 728 1290 734 —
1333 716 1468 766 quae
1509 697 1708 751 Graece
1750 696 1846 752 διὰ

154 776 326 847 μέσου
373 773 544 824 inlata
591 790 704 824 esse
755 771 1003 824 dicuntur
1049 803 1122 807 —
1174 770 1290 840 epro
1343 772 1489 824 curia
1539 773 1849 843 inuersique

155 848 367 904 mores'.
458 849 591 915 puta
631 849 809 898 autem
848 846 951 898 hoc
992 864 1113 898 eum
1155 845 1371 898 dixisse:
1411 846 1558 899 itane
1598 847 1700 899 hoc
1739 848 1846 902 Ro-

92 943 133 974 10
156 942 346 978 manus
385 921 536 972 fecit!
610 939 639 973 o
680 938 870 989 moreS,
909 920 1110 972 inuersi
1151 920 1278 973 estis
1319 923 1373 973 et
1413 939 1443 973 o
1485 922 1646 989 curia,
1687 940 1849 990 quam

156 1000 407 1067 indignas
447 1013 531 1047 res
572 1014 732 1064 passa
772 1013 842 1047 es.
951 995 982 1046 9
1027 995 1138 1047 sub
1179 1012 1328 1064 rege
1368 995 1565 1048 Medo.
1627 995 1846 1048 Medum

159 1094 254 1127 suo
295 1089 443 1123 more
483 1088 580 1138 pro
620 1069 821 1122 Partho
863 1069 1058 1138 posuit.
1219 1070 1286 1122 10
1327 1070 1702 1122 anciliorum
1741 1089 1853 1123 no-

157 1147 345 1201 minis
388 1148 448 1196 et
478 1148 667 1214 togae
703 1143 948 1196 oblitus
983 1147 1409 1213 aeternaeque
1441 1143 1694 1196 Uestae.
1755 1163 1856 1213 per

159 1222 353 1276 ancilia
401 1221 454 1270 et
500 1217 725 1270 Uestam
775 1236 926 1270 sacra
973 1236 1034 1270 ac
1080 1219 1367 1287 religiones
1414 1218 1686 1270 Romanas
1733 1219 1858 1271 uult,

94 1316 134 1349 15
158 1294 416 1364 intellegi.
503 1295 775 1344 aeternam
831 1295 1011 1344 autem
1050 1291 1276 1345 Uestam
1323 1296 1544 1361 propter
1592 1295 1856 1360 aeternOS,

161 1373 252 1441 qui
291 1371 348 1423 in
388 1385 481 1420 ara
522 1367 634 1419 eius
676 1367 938 1435 coluntur,
977 1367 1130 1436 ignes
1172 1367 1317 1419 dixit.
1437 1367 1504 1419 12
1545 1367 1854 1419 incolumi

158 1448 327 1501 Ioue.
426 1443 559 1494 mire
614 1442 922 1495 incolumi
975 1441 1127 1495 Ioue
1183 1444 1243 1493 ut
1299 1442 1342 1493 si
1398 1441 1618 1494 diceret:
1676 1443 1852 1493 stante

160 1521 384 1587 mundo,
430 1517 685 1569 incolumi
731 1534 910 1569 rerum
955 1520 1165 1569 natura.
1320 1516 1388 1568 13
1436 1515 1554 1568 hoc
1595 1518 1860 1567 cauerat

161 1613 334 1648 mens
374 1591 648 1663 prouida
686 1592 945 1662 Reguli:
1008 1609 1075 1642 ne
1117 1591 1235 1660 quis
1262 1590 1464 1642 scilicet
1495 1590 1666 1641 uitam
1691 1589 1858 1658 capti-

96 1687 138 1719 20
163 1671 331 1722 nitate
373 1670 627 1736 speraret,
667 1668 759 1719 sed
797 1667 977 1735 potius
1017 1684 1115 1734 pro
1156 1665 1405 1717 libertate
1445 1666 1760 1716 moreretur.

168 1745 236 1796 14
275 1742 725 1795 dissentientis
767 1740 1253 1794 conditionibus
1300 1738 1534 1806 foediS,
1582 1737 1724 1806 quod
1772 1755 1858 1789 ca—

163 1818 343 1887 ptiuos
384 1817 642 1869 Afrorum
681 1816 857 1868 noluit
894 1833 992 1884 pro
1036 1832 1091 1866 se
1131 1814 1295 1866 reddi.
1451 1812 1518 1865 15
1571 1812 1858 1880 exemplo

162 1891 456 1944 trahenti
496 1891 848 1959 perniciem
886 1889 1156 1942 ueniens
1190 1888 1255 1939 in
1288 1905 1533 1939 aeuum:
1566 1886 1859 1955 perniciem

163 1966 292 2018 hinc
346 1982 719 2034 processuram
769 1964 828 2016 in
880 1963 1124 2015 futurum
1170 1964 1406 2030 tempUS,
1462 1960 1506 2012 si
1557 1960 1861 2028 exemplum

100 2058 141 2091 25
165 2040 273 2092 tale
313 2039 604 2091 induceret.
723 2039 787 2090 17
840 2038 893 2090 si
940 2055 1069 2089 non
1107 2036 1351 2104 periret
1388 2033 1861 2086 inmiserabilis

168 2114 429 2182 captiua
490 2113 691 2182 pubes
754 2112 809 2164 id
864 2114 967 2164 est:
1037 2111 1082 2163 si
1142 2128 1255 2163 non
1315 2109 1583 2178 perissent
1645 2106 1864 2176 captiui,

169 2206 397 2256 quorum
435 2205 593 2249 nenio
635 2205 821 2240 eorum
868 2185 1109 2238 misereri
1165 2184 1395 2236 deberet.
1550 2183 1617 2234 18
1675 2181 1863 2251 signa

169 2279 282 2331 ego
334 2261 596 2313 Punicis
650 2261 868 2313 adfixa
923 2259 1226 2312 delubris,
1324 2258 1458 2309 haec
1511 2256 1678 2308 uerba
1734 2258 1862 2307 sunt

167 2334 363 2404 Reguli
412 2334 778 2403 desuadentiS,
824 2353 892 2386 ne
940 2333 1266 2403 permutatio
1320 2331 1658 2400 captiuorum
1696 2329 1864 2381 fieret.

104 2428 146 2461 30
170 2409 374 2461 indicat
414 2411 594 2460 autem
632 2408 1025 2478 indignatione,
1066 2409 1325 2476 quantam
1370 2403 1761 2473 turpitudinem
1803 2403 1862 2454 in
1906 2428 1913 2431 -

169 2482 429 2535 Romanis
469 2483 746 2551 militibus,
787 2500 908 2534 cum
948 2500 1003 2533 se
1042 2481 1198 2533 facile
1239 2478 1542 2548 captiuitati
1573 2477 1864 2545 traderent,

170 2557 379 2609 uiderit.
480 2556 550 2608 23
585 2559 645 2608 et
678 2575 831 2608 arua
862 2556 1066 2608 Marte
1107 2554 1232 2607 coli
1271 2554 1584 2623 populata
1622 2553 1865 2623 nuostrO.
1911 2589 1917 2592 -

294 2695 315 2732 1
351 2702 555 2733 crassum
589 2689 651 2731 M
803 2693 827 2730 3
860 2687 1054 2731 ferentis
1089 2688 1151 2730 M
1300 2691 1328 2729 4
1361 2697 1623 2729 sacerorum
1653 2697 1703 2725 in
1735 2693 1865 2724 arma

175 2748 238 2791 M
351 2753 375 2792 7
410 2749 517 2792 sunt
546 2760 651 2791 oscos:
684 2748 755 2791 est
787 2747 850 2789 M
954 2752 979 2791 8
1013 2742 1157 2803 μέσου
1190 2758 1294 2789 nos:
1327 2740 1494 2799 Mecuy
1528 2743 1592 2786 M
1687 2746 1711 2784 9
1744 2741 1861 2796 puto

173 2807 268 2851 cod.
300 2807 465 2851 Bamb.
651 2812 704 2850 10
737 2819 887 2849 mores
922 2820 1062 2861 quam
1094 2805 1268 2849 inuersi
1309 2820 1358 2860 ς,
1400 2816 1542 2860 quam
1582 2814 1663 2845 om.
1697 2803 1738 2842 et
1768 2799 1863 2843 cod.

173 2865 336 2910 Bamb.
494 2871 546 2910 11
581 2867 651 2910 est
684 2865 749 2908 M
906 2870 959 2907 12
992 2865 1304 2908 hanciliorum
1336 2864 1372 2907 85
1402 2875 1604 2906 nominis
1634 2860 1775 2915 togae
1810 2892 1820 2901 .
1854 2893 1864 2902 .

175 2926 304 2968 ueste
339 2926 402 2968 M
521 2929 577 2968 14
607 2924 862 2968 hanciliam
896 2924 959 2966 M
1063 2929 1116 2968 18
1149 2923 1405 2967 hocauerat
1438 2921 1500 2964 M
1604 2923 1657 2962 21
1692 2917 1887 2961 diesen?

173 2984 346 3027 tientes
373 2985 435 3027 M
495 2990 549 3028 23
573 2984 805 3028 trahentis
839 2983 902 3025 M
929 2984 1179 3039 pernitiem
1212 2983 1280 3026 bis
1313 2982 1376 3025 M
1456 2984 1512 3024 28
1544 2990 1715 3035 punica
1748 2976 1812 3019 M

174 3041 252 3086 hic
286 3043 350 3085 M
497 3048 553 3087 30
586 3043 960 3100 indignationem
995 3043 1057 3085 M
1198 3046 1253 3085 32
1286 3039 1458 3084 uiderit
1487 3051 1593 3082 nos:
1623 3035 1775 3080 uideri
1808 3034 1874 3078 M
1898 3081 1902 3085 .

1885 3154 1914 3197 a
