1939 3197
164 118 232 170 36
778 115 899 159 ODE
932 116 966 171 I,
1001 121 1057 159 30
1090 117 1138 159 et
1169 119 1239 159 31.

161 257 280 322 tur,
343 252 468 321 quia
522 251 679 304 amici
735 251 943 303 animos
999 251 1204 303 solutos
1260 268 1320 303 ac
1375 250 1549 304 nudos
1606 251 1747 304 inter
1801 270 1857 304 se

161 328 361 379 habere
402 326 612 378 debent.
730 326 760 376 7
813 327 875 376 et
927 342 1147 393 parum
1204 325 1401 377 comis
1458 325 1594 377 sine
1648 328 1725 377 te.
1802 326 1857 377 id

163 404 245 454 est
296 400 531 452 eminus
584 398 875 468 elegans'
929 398 1065 450 sine
1114 401 1177 450 te
1227 399 1330 451 hoc
1369 401 1453 450 est
1501 398 1857 452 euenustate’.

168 476 300 527 scire
350 476 529 526 autem
582 473 835 525 debemus
875 471 1143 524 Uenerem
1192 490 1305 525 non
1354 475 1569 524 tantum
1610 474 1859 526 concubi-

121 566 141 598 5
165 552 335 616 tuum,
358 566 546 601 uerum
572 547 735 598 etiam
760 546 1035 599 dominam
1060 564 1175 598 esse
1195 547 1436 598 omnium
1453 547 1858 616 elegantiarum.

167 624 241 675 sic
284 622 413 675 alibi
451 622 590 689 ipse:
643 619 905 673 Ordinis
944 620 1099 672 11666
1138 620 1348 672 uirtus
1389 620 1513 671 erit
1552 623 1613 672 et
1651 639 1858 673 uenus,

864 765 983 810 ODE
1021 772 1058 821 1,
1092 770 1162 809 31.

316 857 477 919 Quid
517 858 879 909 dedicatum
917 856 1126 925 poscit
1165 855 1229 908 A.
1271 875 1320 907 u.
1412 855 1686 925 Apollinis
1726 860 1860 908 tem-

167 935 318 1002 plum
349 933 408 984 in
431 931 643 984 Palatio
668 930 950 1001 Augustus
983 930 1266 982 dedicauit.
1331 947 1460 999 ergo
1503 929 1859 983 ‘dedicatum'

102 1025 144 1056 10
168 1026 281 1060 non
322 1005 382 1059 ‘a
421 1005 503 1058 se'
546 1006 674 1057 dicit
712 1008 869 1074 poeta
903 1004 995 1056 sed
1036 1003 1158 1073 equi
1199 1004 1401 1072 alioqui
1434 1004 1708 1057 dedicatus
1740 1003 1863 1056 est'.

169 1083 347 1151 ipsum
403 1083 583 1132 autem
638 1079 950 1148 Apollinem
1005 1078 1308 1130 dedicatum
1364 1079 1439 1130 ait
1499 1096 1598 1147 pro
1659 1079 1863 1147 templo

173 1156 302 1208 eius,
404 1155 436 1206 3
477 1172 605 1206 non
645 1154 892 1222 opimae
933 1151 1271 1205 Sardiniae
1313 1154 1562 1221 segetes
1599 1152 1864 1205 feraces.

170 1232 339 1298 negat
378 1246 433 1281 se
472 1230 635 1296 poeta
675 1227 743 1279 ab
775 1225 1030 1295 Apolline
1071 1244 1134 1278 66
1171 1228 1368 1294 petere,
1408 1243 1544 1295 quae
1584 1226 1651 1278 ad
1692 1227 1865 1278 auari-

172 1303 307 1355 tiam
356 1304 625 1371 spectant,
672 1319 861 1352 uerum
906 1300 1087 1369 potius
1126 1300 1327 1352 bonam
1366 1302 1603 1352 mentem
1641 1300 1864 1352 bonam-

110 1395 152 1427 15
177 1395 279 1446 que
335 1376 574 1444 corporis
629 1392 799 1444 usque
855 1374 922 1426 ad
975 1374 1223 1426 ultimam
1278 1376 1550 1426 senectam
1603 1374 1864 1430 ualetudi-

168 1469 308 1504 nem.
427 1451 456 1501 7
513 1467 642 1501 non
696 1467 846 1501 rura
901 1466 1061 1517 quae
1116 1446 1288 1499 Liris
1346 1448 1566 1516 quieta
1620 1448 1866 1500 mordet

171 1543 350 1593 aqua.
426 1523 566 1576 Liris
610 1523 817 1575 fluuius
866 1525 949 1574 est
994 1522 1052 1573 in
1093 1520 1390 1589 Campania
1428 1521 1741 1574 interfluens
1780 1541 1866 1574 ur-

169 1599 293 1651 bem
317 1597 766 1650 Minturnensem.
828 1596 916 1648 1116
943 1598 1123 1647 autem
1146 1595 1417 1647 lenissime
1448 1595 1672 1664 labitur3
1707 1614 1867 1665 quem
1884 1645 1895 1650 ,.

172 1673 294 1725 ideo
326 1672 658 1724 taciturnum
690 1670 836 1722 dixit.
952 1670 984 1721 9
1017 1671 1313 1738 premant
1352 1667 1653 1721 Calenam
1698 1670 1866 1722 falce

105 1766 148 1798 20
175 1765 224 1815 q.
265 1747 313 1798 d.
345 1746 389 1798 f.
428 1765 478 1798 u.
555 1743 710 1797 Cales
761 1744 1020 1813 oppidum
1069 1744 1128 1794 in
1179 1760 1309 1813 agro
1364 1741 1598 1796 Sidicino
1651 1746 1754 1811 est3
1809 1745 1868 1796 in

174 1821 269 1873 illa
308 1822 488 1872 autem
526 1819 747 1887 regione
787 1819 917 1870 uina
947 1816 1178 1870 Falerna
1216 1820 1526 1870 nascuntur.
1597 1835 1725 1887 ergo
1764 1817 1866 1870 hoc

176 1894 274 1947 ait:
329 1893 644 1962 possideant
670 1893 959 1961 pretiosos
999 1891 1219 1957 fundOS,
1271 1891 1464 1959 quibus
1501 1891 1605 1943 1106
1644 1892 1865 1944 fortuna

175 1969 455 2022 concessit.
572 1967 641 2019 10
682 1967 860 2018 diues
911 1969 980 2017 ut
1031 1964 1242 2017 aureis
1294 1968 1613 2017 mercator
1662 1966 1865 2018 exsic-

176 2045 276 2095 cet
330 2041 595 2094 culullis
642 2059 740 2109 pro
796 2039 1003 2108 poculis
1059 2039 1206 2091 dixit.
1297 2039 1512 2107 proprie
1561 2041 1742 2091 autem
1781 2057 1867 2091 cu-

108 2135 151 2167 25
174 2117 337 2168 lullae
385 2116 576 2168 calices
629 2117 756 2166 sunt
806 2113 1023 2182 quidam
1071 2113 1283 2180 fictiles7
1338 2112 1531 2180 quibus
1585 2112 1867 2179 pontifices

175 2190 520 2259 uirginesque
574 2187 822 2241 Uestales
877 2188 935 2239 in
989 2187 1153 2239 sacris
1207 2188 1449 2238 utuntur.
1597 2186 1664 2238 12
1718 2187 1869 2238 uina

176 2262 334 2332 Syra
372 2265 676 2331 reparata
715 2279 934 2313 merce.
1005 2261 1158 2329 quasi
1198 2263 1528 2313 commutata
1566 2261 1695 2312 uina
1734 2258 1868 2328 Syra

177 2355 366 2388 merce.
445 2335 634 2404 Syram
681 2339 861 2387 autem
907 2353 1137 2387 mercem
1183 2334 1625 2402 pretiosissimam
1673 2334 1869 2402 accipe,

180 2429 314 2479 quae
368 2410 570 2462 scilicet
615 2410 673 2460 in
711 2427 950 2477 purpura
990 2412 1043 2460 et
1080 2409 1263 2476 pipere
1304 2410 1357 2458 et
1395 2407 1688 2476 unguentis
1727 2408 1868 2459 aliis·
1926 2439 1930 2443 -

111 2504 155 2537 30
180 2502 282 2553 que
331 2484 592 2536 similibus
640 2501 755 2535 esse
804 2483 954 2535 solet.
1072 2482 1139 2533 13
1188 2481 1422 2549 quippe
1468 2484 1565 2532 ter
1612 2485 1672 2533 et
1720 2500 1867 2550 qua-

300 2621 324 2659 6
359 2627 433 2658 ars
463 2616 588 2671 poet.
622 2618 676 2656 42

179 2735 277 2777 clm.
310 2737 423 2777 375:
455 2733 634 2790 gratiae
674 2731 936 2775 nudesisme
975 2730 1099 2789 nude
1135 2731 1177 2789 (e
1210 2743 1265 2774 eoe
1288 2746 1305 2773 1
1329 2732 1463 2786 corr.)
1492 2730 1564 2785 M,
1591 2729 1742 2773 nudae
1768 2729 1867 2773 sine

180 2792 315 2836 nodis
347 2793 420 2836 uel
450 2791 603 2835 nudae
635 2791 684 2834 et
715 2790 813 2834 sine
845 2789 972 2833 zonis
998 2804 1026 2844 ς
1134 2794 1158 2832 2
1185 2803 1377 2834 commis
1403 2790 1464 2832 M
1567 2794 1596 2832 4
1619 2788 1868 2832 concubitu

182 2851 245 2893 M
285 2851 558 2895 concubitus
592 2865 620 2905 ς
773 2854 798 2893 9
832 2849 1064 2905 palatium
1097 2848 1161 2892 M
1306 2854 1359 2893 18
1391 2850 1724 2901 mtornensem,
1759 2860 1785 2891 0
1817 2848 1868 2890 in

179 2923 211 2952 u
243 2923 374 2963 corr„
408 2910 471 2952 M
575 2914 629 2952 19
663 2908 873 2952 6616116111
904 2908 969 2951 sic
1002 2907 1065 2950 M
1093 2911 1134 2951 et
1165 2907 1357 2965 Bentley
1464 2912 1519 2951 23
1551 2908 1784 2951 mercatur
1809 2906 1873 2949 M

301 2973 357 3011 24
391 2968 558 3011 culuhs
591 2968 655 3011 M
772 2966 909 3026 cuhle
945 2967 1008 3010 M
1130 2971 1185 3009 27
1219 2969 1436 3023 separata
1468 2966 1531 3009 M
1647 2970 1704 3010 30
1735 2966 1867 3010 schol.

179 3040 225 3071 u.
258 3030 317 3070 13
342 3031 449 3082 post
479 3028 567 3072 sch.
601 3027 671 3072 od.
705 3030 782 3082 32,
817 3041 860 3070 u.
895 3030 920 3070 1
956 3039 1173 3069 canamus
1204 3031 1267 3071 est
1296 3027 1350 3070 in
1382 3026 1445 3069 M
