1939 3197
148 84 252 135 142
830 83 951 128 ODE
984 83 1062 140 iv,
1099 88 1166 127 15.

844 261 964 306 ODE
999 266 1039 318 4,
1079 266 1146 306 15.

293 353 589 405 Phoebus
644 353 971 405 uolentem
1024 353 1275 422 proelia
1320 371 1412 405 me
1459 328 1651 422 loqui.
1730 354 1842 422 qui-

148 426 271 479 dam
310 431 564 496 separant
601 427 743 479 hanc
782 422 934 500 ᾠδὴν
975 446 1006 479 a
1046 428 1341 496 superiore,
1398 427 1490 479 sed
1537 429 1719 495 potest
1764 427 1845 479 illi
1922 467 1939 499 κ,

146 502 312 570 iungi,
347 502 602 570 quoniam
634 504 687 553 et
717 501 805 554 hic
835 502 1021 554 laudes
1055 501 1304 553 dicuntur
1329 501 1580 571 Augusti.
1642 501 1844 554 Phoe·

108 575 267 627 5bus
308 576 631 627 uolentem
670 576 919 644 proelia
958 594 1049 627 me
1090 576 1267 644 loqui
1306 576 1522 628 uictas
1563 578 1624 627 et
1655 576 1845 627 urbes
1927 570 1939 642 f·

150 649 475 717 increpuit
513 650 668 718 lyra.
746 668 859 703 non
892 649 1033 718 ‘lyra
1063 648 1380 718 increpuit'‚
1421 649 1514 702 sed
1547 648 1847 702 euolentem

149 741 233 775 me
272 724 477 791 proelia
516 725 633 793 lyra
670 723 846 793 loqui'
887 724 941 776 id
982 727 1083 776 est:
1123 724 1289 792 lyrico
1332 724 1581 776 carmine.
1695 724 1728 776 3
1768 741 1846 775 ne
1922 724 1937 769 s

148 815 349 865 parua
389 798 787 867 Tyrrhenum
825 817 936 867 per
977 817 1213 867 aequor
1253 799 1398 850 uela
1438 798 1665 850 darem.
1721 796 1845 850 alless

153 873 362 941 goricos
405 873 761 942 significatur:
811 892 879 925 ne
913 890 1167 942 magnam
1207 873 1489 924 materiam
1528 872 1721 924 humili
1761 888 1848 941 ge-

88 950 130 983 10
152 947 268 997 neri
324 948 575 999 carminis
631 947 1037 999 committerem.
1154 947 1186 999 6
1251 950 1311 999 et
1373 947 1559 1016 signa
1620 949 1846 999 nostro

151 1020 444 1072 restituit
482 1021 636 1073 Ioui.
716 1022 872 1090 signa
913 1021 1063 1089 dicit,
1119 1039 1255 1090 quae
1295 1020 1545 1089 adempta
1585 1020 1846 1073 Romanis

150 1095 434 1147 interfecto
476 1113 597 1146 cum
637 1097 871 1148 exercitu
920 1114 950 1146 a
989 1094 1204 1147 Parthis
1247 1093 1440 1147 Crasso
1491 1095 1623 1147 duce
1663 1094 1849 1164 Augu-

154 1171 266 1220 stus
306 1170 656 1237 recuperauit.
787 1170 819 1221 9
883 1168 1109 1221 Ianum
1173 1168 1430 1230 Quirini
1492 1169 1728 1221 clausit
1797 1168 1851 1221 id

153 1244 255 1294 est:
295 1261 483 1310 pacem
522 1243 718 1312 ubique
758 1242 907 1311 fecit3
963 1246 1093 1295 tunc
1134 1243 1278 1294 enim
1318 1242 1684 1311 claudebatur,
1723 1242 1851 1295 belli

90 1322 131 1355 15
155 1335 282 1369 uero
337 1319 580 1385 tempore
627 1318 863 1386 patebat.
961 1336 1090 1369 nam
1153 1320 1206 1369 et
1267 1316 1600 1387 Uergilius
1662 1317 1851 1369 uolens

157 1391 435 1443 ostendere
526 1395 844 1460 perpetuam
893 1401 1082 1459 pacem
1121 1391 1362 1444 futuram
1401 1391 1476 1443 sic
1517 1392 1593 1444 ait
1669 1389 1852 1444 Olau-

155 1464 382 1517 dentur
443 1466 601 1517 belli
662 1469 904 1534 portae.
1051 1466 1082 1518 9
1147 1469 1208 1518 et
1263 1466 1553 1519 ordinem
1606 1468 1851 1518 rectum

154 1540 463 1608 euaganti
502 1540 685 1592 frena
725 1540 1032 1592 licentiae
1072 1540 1314 1592 iniecit.
1378 1540 1508 1592 ordo
1536 1543 1637 1592 est:
1671 1539 1854 1593 iniecit

153 1613 307 1665 frena
360 1613 607 1666 licentiae
666 1614 909 1666 ordinem
956 1618 1162 1666 rectum
1210 1614 1479 1684 euaganti.
1602 1615 1664 1666 17
1722 1631 1850 1666 non

87 1697 130 1729 20
153 1686 330 1740 furor
363 1688 578 1740 ciuilis
620 1691 729 1741 aut
765 1689 863 1740 uis
904 1689 1118 1758 exiget
1158 1688 1372 1741 otium.
1451 1688 1669 1758 exiget
1707 1705 1852 1740 nunc

154 1760 451 1814 ’excludet'
494 1763 779 1832 significat,
811 1763 964 1831 quasi
1013 1761 1139 1826 ‘5³41oe
1166 1762 1342 1832 aget'7
1396 1765 1457 1814 ut
1483 1761 1853 1815 Terentius:

155 1834 555 1904 Spectandae
611 1855 689 1888 an
745 1837 1115 1906 exigendae.
1235 1837 1300 1889 19
1358 1855 1486 1889 non
1540 1837 1640 1888 ira
1696 1855 1853 1906 quae

156 1910 458 1977 producit
497 1928 694 1964 enses.
787 1912 1090 1979 producit
1136 1911 1239 1963 hoc
1280 1914 1384 1963 est:
1424 1911 1668 1963 fabricat.

155 1984 226 2035 20
267 1987 328 2035 et
366 1986 632 2036 miseras
671 1986 966 2038 inimicat
1006 1986 1208 2038 urbes,
1285 1985 1471 2037 fictum
1496 1985 1721 2037 uerbum
1746 1987 1854 2037 est:

92 2069 135 2102 25
157 2058 403 2111 inimicas
441 2059 587 2112 facit.
717 2060 791 2113 24
858 2078 986 2112 non
1041 2059 1291 2111 Tanain
1345 2077 1542 2128 prope
1596 2059 1855 2111 flumen.

159 2134 192 2192 ’ἷ-
230 2132 444 2185 hostem
490 2134 545 2185 id
586 2136 687 2186 est:
745 2132 972 2203 Scythas
1015 2134 1296 2204 significat.
1412 2134 1482 2185 30
1522 2133 1714 2202 Lydis
1754 2150 1852 2184 re—

158 2159 354 2258 mixto
412 2209 690 2260 carmine
745 2209 947 2260 tibiis
1023 2209 1176 2261 aiunt
1222 2211 1331 2260 tres
1371 2207 1561 2260 modos
1601 2207 1856 2260 tibiarum

159 2297 297 2332 esse:
330 2279 574 2332 Ionicum
599 2281 828 2350 Lydium
853 2283 1156 2335 barbarum
1257 2283 1325 2334 31
1369 2285 1430 2334 et
1470 2283 1671 2333 almae
1712 2299 1855 2349 pro—

162 2354 412 2423 geniem
465 2353 739 2407 Ueneris
796 2374 1123 2409 canemus:
1179 2357 1232 2408 id
1273 2359 1354 2408 est
1393 2359 1610 2424 gentem
1648 2354 1856 2423 Iuliam,

104 2441 148 2474 30
171 2445 306 2496 quae
347 2429 413 2480 ab
452 2427 569 2481 Iulo
610 2434 806 2498 nepote
846 2429 1075 2483 Ueneris
1117 2430 1345 2483 oriunda
1384 2429 1729 2481 existimatur.

283 2578 335 2618 15
368 2575 482 2618 Aen.
519 2580 557 2630 1,
591 2579 677 2618 294
813 2581 866 2618 21
899 2575 1038 2620 Andr.
1075 2576 1191 2632 prol.
1226 2580 1280 2619 27

280 2728 306 2766 2
332 2727 372 2766 et
397 2728 424 2765 4
447 2722 627 2766 Foebus
654 2722 718 2765 M
775 2723 921 2767 61ura
945 2737 1036 2768 non
1060 2722 1463 2782 15re..lyreloqu1
1489 2723 1552 2766 M
1613 2727 1664 2767 11
1685 2722 1804 2778 adep
1806 2724 1856 2767 ta

165 2782 227 2825 M
343 2787 397 2825 21
433 2783 510 2826 ait.
575 2781 638 2825 Ut
666 2783 833 2826 terent.
868 2783 931 2825 M
1049 2788 1105 2827 25
1137 2783 1309 2826 fiumen
1341 2782 1442 2826 orti
1524 2781 1592 2840 [id
1623 2781 1711 2839 est]
1748 2780 1856 2838 Scy-

166 2840 300 2884 thas?
452 2846 506 2885 26
539 2840 685 2897 lydus
720 2876 729 2884 .
806 2843 857 2897 ty
860 2842 949 2885 bns
983 2842 1046 2885 M
1186 2847 1242 2886 30
1290 2843 1596 2886 existimatur.
1643 2841 1857 2885 feliciter.
1916 2844 1920 2847 '

165 2857 588 2944 PORFYRIONIS
607 2899 796 2944 COMM.
836 2901 904 2944 IN
934 2900 1179 2945 HORXTI·
1228 2900 1446 2945 FLACCI
1477 2900 1588 2944 LIB·
1621 2899 1722 2944 IIII
1755 2899 1856 2944 EX-

165 2956 377 3004 PLICIT.
413 2960 484 3015 M,
517 2961 570 3003 in
599 2972 687 3016 quo
719 2961 1067 3005 commentarius
1096 2961 1149 3005 in
1180 2973 1360 3005 carmen
1399 2960 1454 3005 de
1485 2963 1582 3004 arte
1608 2959 1787 3015 poetica
1818 2962 1859 3002 et

169 3029 350 3061 carmen
379 2995 609 3063 saec’ulare
639 3020 855 3076 sequitur.
