1939 3197
708 58 827 103 ODE
860 60 940 117 iv,
973 66 1012 104 2.
1600 56 1704 109 123

723 237 842 281 oDE
877 243 916 294 4,
951 244 992 282 2.

166 332 510 385 Pindarum
549 329 847 398 quisquis
889 330 1107 382 studet
1147 328 1473 382 aemulari.
1570 328 1704 380 haec

18 402 134 479 ᾠδὴ
199 406 267 458 ad
328 404 625 457 Antonium
687 403 864 455 Iulum
926 403 1094 457 Marci
1147 403 1375 457 Antonii
1435 403 1706 456 triumuiri

17 482 186 534 filium
227 479 491 546 scribitur,
529 477 810 530 continens
850 478 1034 530 laudes
1059 478 1279 530 Pindari
1311 479 1467 547 lyrici
1499 480 1705 547 poetae.

167 556 200 607 2
253 552 535 607 caeratis
578 594 588 603 .
629 593 640 604 .
693 550 1021 604 Daedalea
1074 552 1317 605 nititur
1367 553 1586 622 pinnis
1649 551 1703 604 id
1728 571 1749 604 5

20 632 124 681 est:
174 629 367 681 altiora
414 645 574 696 quam
622 626 794 694 possit
845 626 1091 695 expedire
1132 630 1356 679 conatus
1397 627 1705 696 decipietur,

21 720 178 773 quem
219 703 286 754 ad
325 701 544 754 modum
567 700 751 752 Icarus
774 699 1002 753 Daedali
1037 700 1286 752 manibus
1318 701 1476 753 factis
1509 700 1707 769 pinnis.

168 777 200 829 3
254 776 466 828 uitreo
523 775 791 827 daturus
845 775 1103 827 nomina
1164 778 1388 843 ponto,
1451 775 1576 843 quia
1638 775 1705 826 ab

17 851 171 904 Icaro
197 868 359 918 mare,
382 850 438 901 in
463 849 605 918 quod
631 848 842 916 decidit,
865 847 1095 901 Icarium
1122 849 1437 916 appellatur.
1492 849 1704 901 uitreo

19 928 199 978 autem
238 927 437 993 ponto
492 923 548 975 id
595 925 699 974 est:
750 923 908 975 uitrei
957 923 1164 976 coloris.
1322 924 1389 976 10
1439 942 1545 976 seu
1594 940 1707 991 per
1733 944 1774 976 ιο

19 999 298 1052 audaces
335 1016 505 1051 noua
543 996 1014 1066 dithyrambos.
1106 999 1323 1051 audaces
1361 997 1708 1066 dithyrambos

20 1074 110 1142 ait,
151 1073 293 1142 quod
330 1073 622 1142 plurimum
655 1072 757 1124 sibi
787 1072 1052 1124 Pindarus
1092 1071 1179 1124 hic
1218 1073 1511 1142 permittat.
1580 1089 1709 1123 nam

22 1151 76 1200 et
122 1147 352 1199 maximo
403 1146 595 1216 spiritu
641 1165 811 1199 nouas
867 1146 1120 1199 historias
1175 1146 1278 1199 hoc
1326 1150 1496 1199 metro
1549 1147 1708 1199 canit.

21 1240 189 1275 noua
228 1224 407 1273 autem
445 1221 642 1272 uerba
682 1223 776 1272 aut
815 1220 1151 1273 admirabilia
1191 1224 1284 1273 aut
1323 1221 1390 1272 ab
1429 1221 1547 1290 ipso
1583 1221 1708 1272 Pin-

22 1296 153 1348 daro
208 1295 353 1347 facta
407 1312 520 1347 esse
577 1294 770 1363 accipe.
926 1295 989 1347 11
1031 1295 1445 1364 numerisque
1499 1295 1707 1347 fertur
1733 1315 1776 1349 15

20 1370 165 1440 lege
214 1369 466 1423 solutis
565 1369 684 1420 ideo
733 1369 858 1437 quia
903 1370 1217 1437 plerumque
1267 1369 1332 1421 ad
1372 1370 1711 1438 uoluptatem

23 1462 175 1496 suam
230 1443 454 1512 quisque
508 1443 709 1511 lyricus
763 1446 924 1511 poeta
978 1446 1207 1495 metrum
1263 1444 1363 1495 sibi
1414 1443 1572 1513 fingit
1633 1444 1711 1495 ita

20 1521 219 1585 tamen,
259 1520 320 1569 ut
359 1535 517 1585 quem
558 1516 658 1568 sibi
697 1517 815 1585 ipso
854 1517 1010 1571 initio
1050 1512 1199 1589 ᾠδῆς
1239 1518 1428 1569 statuit
1468 1517 1710 1570 ordinem

21 1609 238 1644 necesse
283 1591 482 1643 habeat
530 1590 597 1642 ad
635 1591 796 1643 finem
835 1609 1004 1659 usque
1045 1591 1328 1644 custodire.
1468 1592 1532 1644 17
1575 1592 1709 1643 siue

23 1684 180 1734 quos
241 1665 402 1717 Elea
472 1665 721 1718 domum
790 1665 1045 1718 reducit
1105 1666 1319 1735 palma
1381 1666 1706 1718 caelestis,
1732 1688 1777 1719 20

23 1743 206 1792 utrum
245 1737 522 1792 Castorem
563 1757 623 1791 ac
657 1739 932 1792 Pollucem
972 1740 1238 1810 significat
1278 1759 1348 1792 an
1387 1741 1711 1810 generaliter

24 1814 343 1883 quicumque
391 1832 456 1866 ex
502 1814 791 1866 certamine
841 1832 1113 1866 sacrorum
1154 1832 1387 1883 agonum
1426 1815 1711 1867 uictoriam

24 1888 455 1957 reportauerint‘?
610 1889 675 1940 19
741 1890 802 1939 et
864 1892 1116 1941 centum
1176 1889 1434 1956 potiore
1498 1889 1710 1958 signis

24 1980 285 2014 munere
326 1963 358 2014 d
374 1965 537 2014 onat.
604 1962 732 2014 dicit
770 1963 943 2032 magis
982 1963 1135 2014 illum
1173 1964 1379 2015 honore
1418 1963 1711 2029 inlustrari,

27 2054 185 2105 quem
231 2036 493 2088 Pindarus
542 2037 776 2087 carmine
826 2054 922 2088 suo
963 2037 1226 2089 celebrem
1263 2037 1414 2104 fecit,
1465 2055 1626 2105 quam
1666 2037 1711 2089 si
1738 2056 1782 2089 25

27 2112 242 2162 centum
282 2110 472 2161 statuis
512 2110 723 2178 publice
747 2109 1056 2162 honoretur.
1155 2112 1223 2163 21
1266 2110 1483 2163 flebili
1524 2129 1712 2179 spon.-

28 2201 134 2236 sae
181 2184 560 2235 iuuenemue
615 2186 871 2251 raptum
926 2184 1157 2252 plorat.
1257 2187 1351 2236 aut
1405 2185 1472 2253 si,
1525 2185 1715 2254 inquit,

26 2258 202 2310 flebile
257 2275 471 2310 carmen
526 2258 710 2310 scribit
772 2257 835 2309 de
898 2258 1236 2312 adulescente
1301 2259 1478 2328 aliquo
1488 2302 1501 2327 ‚
1564 2260 1713 2312 cuius

26 2335 199 2385 morte
240 2350 439 2400 sponsa
479 2332 700 2400 decepta
732 2332 824 2400 sit3
866 2350 1023 2400 quem
1054 2333 1241 2386 inferis
1275 2333 1523 2386 subducit
1555 2337 1714 2402 atque

26 2406 370 2458 inmortalem
433 2407 566 2459 facit
626 2406 895 2459 laudando
959 2408 1194 2460 animum
1257 2426 1537 2477 moresque
1601 2409 1712 2460 eius
1741 2431 1784 2464 30

150 2572 175 2611 3
206 2568 373 2611 iulium
406 2568 468 2610 M
585 2572 612 2610 4
650 2567 850 2624 pyndari
883 2568 946 2610 M
1064 2573 1089 2612 5
1122 2573 1174 2612 ut
1203 2570 1256 2613 in
1288 2570 1487 2614 lemmate
1519 2582 1621 2625 ope,
1651 2569 1717 2612 sic

28 2628 212 2683 saepius
244 2627 418 2670 litterae
448 2628 500 2670 in
531 2627 601 2671 his
631 2628 757 2681 foliis
787 2628 881 2670 situ
912 2629 1108 2683 quodam
1139 2633 1447 2682 manum-unt,
1480 2642 1593 2684 quas
1623 2640 1716 2671 non

29 2699 182 2731 omnes
213 2687 464 2730 memorabo
600 2692 625 2730 6
658 2686 936 2742 decipiaSmr
970 2687 1033 2729 M
1180 2693 1205 2732 8
1239 2690 1388 2732 uitrea
1421 2688 1623 2731 dadurus
1658 2687 1721 2730 M

152 2750 177 2789 9
210 2744 260 2788 in
292 2745 417 2801 quod
448 2745 623 2789 decidit
652 2758 758 2789 ‘nost
788 2755 951 2802 inquld
981 2746 1116 2790 dlciti
1149 2747 1213 2790 M
1329 2761 1506 2791 lcarum
1540 2746 1603 2789 M

32 2805 155 2849 uitro
189 2804 252 2847 M
341 2809 393 2847 11
426 2805 534 2848 haec
564 2805 727 2849 addidi
827 2811 880 2849 12
914 2805 1060 2863 quod:
1095 2806 1207 2861 quid
1241 2807 1303 2849 M
1389 2805 1626 2862 pyndarus
1659 2806 1723 2849 M

154 2868 208 2908 13
241 2868 282 2908 et
312 2869 487 2907 nouas?
627 2870 679 2908 15
711 2879 985 2921 numenque
1018 2865 1082 2907 M
1208 2871 1261 2910 18
1293 2866 1394 2922 ipse
1428 2880 1455 2920 ς
1585 2866 1716 2909 ωΔΗ

37 2923 100 2966 Μ
217 2928 270 2966 21
306 2936 359 2966 ac
398 2936 502 2966 nos:
535 2936 594 2966 an
627 2924 689 2966 M
785 2929 839 2968 23
871 2926 1214 2982 reportauermt
1244 2926 1339 2978 (secl
1369 2926 1464 2967 rmt
1500 2925 1553 2967 in
1584 2927 1722 2979 corr.)

36 2982 100 3025 M
216 2987 273 3026 25
304 2981 541 3039 pyndarus
574 2983 631 3025 M
753 2988 808 3026 26
840 2984 1054 3041 buplicae
1089 2984 1151 3026 M
1268 2997 1484 3040 sponsem
1517 2984 1579 3027 M
