1939 3197
730 63 976 109 EPODON
1009 70 1049 108 9.
1629 62 1732 114 159

56 201 326 254 ‘bibimus'
375 201 798 254 subaudiendum
807 243 820 269 ,
868 218 989 253 cum
1037 198 1228 252 Sextus
1271 197 1557 267 Pompeius
1596 197 1733 250 freto

55 274 320 328 Siciliensi
368 276 543 328 uictus
593 275 919 344 fugatusque
975 277 1069 326 est.
1166 271 1501 342 Neptunium
1556 274 1736 324 autem

52 350 240 402 ducem
280 347 500 402 Sextum
544 347 861 418 Pompeium
899 349 1012 400 noli
1044 347 1373 416 simpliciter
1412 346 1614 397 dictum
1653 362 1735 396 ac-

55 423 229 492 cipere
277 424 428 491 quasi
476 423 618 491 quod
664 423 722 474 in
768 422 905 474 mari
951 422 1058 474 dux
1094 422 1287 474 fuisset
1296 463 1308 489 ,
1356 420 1447 472 sed
1487 419 1629 487 quod
1669 418 1736 470 ad

57 514 174 549 eam
199 497 484 548 stultitiam
507 497 857 565 processisset
888 495 1251 547 infiammatus
1284 512 1381 563 pro
1407 494 1737 545 marinarum
1762 504 1783 538 5

51 582 230 622 rerum
269 570 537 638 felicitate,
576 574 636 623 ut
659 569 903 639 Neptuni
940 569 1109 621 filium
1149 587 1203 621 se
1239 569 1437 620 diceret
1462 570 1514 619 et
1538 584 1737 636 cyanea

49 647 199 696 ueste
240 644 606 697 obduceretur.
744 645 775 696 9
824 644 1103 696 minatus
1142 643 1286 695 urbi
1324 642 1539 694 uincla
1578 659 1735 709 quae

50 717 421 770 detraxerat
461 719 665 771 seruis
715 719 954 770 amicus
1005 716 1290 786 perfidis,
1368 720 1421 768 et
1461 734 1623 784 supra
1662 715 1736 766 di-

49 791 223 843 ximus
280 790 500 844 Sextum
551 792 869 861 Pompeium
932 792 1092 843 etiam
1146 790 1391 859 fugitiuis
1445 789 1503 840 in
1557 788 1737 841 Sicilia

50 865 350 918 sollicitatis
407 867 632 918 classem
687 884 936 918 armasse.
1094 866 1158 916 ii
1207 864 1528 917 Romanus
1580 863 1737 915 eheu
1763 875 1804 906 10

44 940 296 1007 posteri
357 940 685 1009 negabitis
750 940 1192 1008 emancipatus
1252 938 1546 990 feminae.
1646 937 1738 1005 qui

50 1030 163 1065 non
202 1015 538 1083 intellegunt,
577 1017 773 1083 putant
812 1014 1165 1082 inportunum
1195 1012 1485 1064 transitum
1516 1014 1737 1081 repente

49 1105 83 1138 a
124 1084 284 1140 Sexto
323 1087 580 1156 Pompeio
623 1089 690 1140 ad
718 1088 1020 1140 Antonium
1058 1087 1277 1151 factum,
1319 1086 1619 1138 nescientes
1658 1103 1736 1137 re-

51 1160 162 1212 dire
187 1165 403 1230 poetam
429 1162 496 1214 ad
520 1162 735 1214 initium
762 1163 992 1231 eclogae,
1024 1161 1118 1213 ubi
1143 1161 1218 1213 ait
1246 1161 1494 1213 uictore
1526 1161 1735 1212 laetus

43 1231 343 1305 Caesare,
383 1236 475 1288 ubi
516 1235 599 1288 cde
639 1235 879 1288 Antonio
923 1254 984 1287 ac
1024 1233 1310 1304 Cleopatra
1349 1233 1572 1286 uictore'
1619 1234 1737 1286 uult
1762 1243 1804 1277 15

50 1309 235 1378 accipi.
336 1310 526 1362 deinde
573 1310 631 1361 in
679 1310 1118 1378 conparationem
1164 1309 1462 1377 praesentis
1502 1308 1737 1360 laetitiae

51 1384 325 1436 mentione
372 1384 515 1436 facta
562 1381 708 1435 Sexti
746 1384 969 1452 Pompei
1018 1387 1072 1435 et
1115 1383 1276 1453 fugae
1329 1383 1440 1434 eius
1480 1382 1643 1434 refert
1683 1399 1738 1434 se

53 1457 121 1508 ad
160 1457 215 1508 id
255 1458 397 1526 quod
438 1461 685 1526 coeperat
724 1463 771 1511 et
809 1458 1115 1526 exsequitur
1157 1456 1562 1526 turpitudinem,
1602 1474 1738 1524 quae

46 1530 274 1583 Antonii
327 1532 666 1600 partiumque
723 1533 834 1584 eius
888 1532 1006 1584 fuit.
1160 1532 1225 1583 11
1276 1531 1432 1583 eheu
1486 1535 1737 1600 posteri

46 1605 387 1674 negabitis.
487 1624 599 1658 non
661 1606 897 1673 credent,
950 1606 1146 1676 inquit,
1199 1608 1402 1676 posteri
1455 1607 1735 1663 Romanos
1761 1625 1805 1657 20

50 1679 247 1731 milites
302 1680 451 1731 uelut
513 1679 719 1732 dotales
775 1678 1092 1749 Cleopatrae
1149 1680 1320 1734 datos.
1410 1685 1522 1739 tani
1579 1683 1741 1736 foeda

46 1756 178 1805 sunt
215 1753 369 1821 haec,
407 1757 468 1805 ut
506 1772 618 1806 non
655 1754 940 1807 uideantur
981 1755 1048 1806 ab
1088 1756 1198 1808 ullo
1238 1754 1487 1810 Romano
1528 1757 1740 1809 admitti

51 1827 305 1895 potuisse.
378 1828 506 1880 ordo
548 1831 630 1880 est
670 1832 873 1880 autem:
929 1828 1209 1882 Romanus
1263 1830 1432 1882 miles,
1557 1832 1623 1883 13
1680 1834 1740 1883 et

51 1900 445 1969 spadonibus
487 1903 729 1954 seruire
769 1904 1025 1973 rugosis
1063 1907 1296 1971 potest.
1375 1905 1739 1958 adiuuandum

51 1974 156 2027 hoc
194 1976 653 2046 pronuntiatione,
691 1980 753 2029 ut
793 1980 846 2029 et
883 1978 960 2028 rei
999 1977 1296 2047 indignitas
1345 1981 1398 2029 et
1435 1979 1739 2048 indignatio
1764 1993 1808 2027 25

54 2048 280 2100 dicentis
336 2050 679 2117 exprimatur.
834 2051 900 2102 16
950 2051 1050 2102 sol
1100 2051 1336 2120 aspicit
1387 2053 1738 2121 conopium.

56 2123 346 2191 conopium
387 2124 538 2191 quasi
577 2125 705 2176 retis
739 2142 908 2193 genus
935 2127 1017 2177 est
1049 2125 1116 2176 ad
1142 2126 1335 2177 culices
1358 2125 1739 2196 prohibendOS,

56 2214 160 2264 quo
210 2197 436 2249 maxime
483 2196 838 2250 Alexandrini
885 2202 1135 2268 utuntur,
1191 2200 1316 2268 quia
1368 2200 1443 2252 ibi
1500 2219 1562 2252 ex
1611 2199 1737 2253 Nilo

53 2270 246 2322 culices
293 2271 624 2324 habundant.
743 2273 807 2324 17
858 2273 931 2324 ad
986 2273 1151 2325 hunc
1205 2274 1550 2327 frementes
1601 2293 1738 2326 uer-

49 2346 271 2396 terunt
295 2345 391 2397 bis
424 2346 599 2397 mille
634 2364 829 2414 equos
857 2345 1029 2398 Galli
1058 2351 1362 2400 canentes
1388 2346 1739 2401 Caesarem.
1764 2365 1806 2398 30

49 2419 86 2483 ’ἶ-
132 2419 316 2470 eadem
368 2420 540 2488 gallis,
620 2421 887 2490 significat
943 2425 1123 2474 autem
1178 2422 1417 2490 equitum
1464 2420 1740 2475 Gallorum

53 2491 157 2544 duo
210 2493 360 2544 milia
415 2494 481 2545 ab
537 2494 746 2547 Antoni
798 2496 1042 2564 partibus
1105 2496 1172 2548 ad
1222 2494 1505 2549 Caesarem
1565 2500 1738 2548 trans-

176 2628 197 2665 1
231 2623 456 2667 bibimus:
489 2625 681 2669 urbibus
716 2627 779 2669 M
867 2632 892 2669 2
927 2627 1127 2671 Siciliens
1153 2643 1192 2671 Sl
1220 2628 1281 2671 M
1369 2634 1394 2672 8
1428 2642 1587 2672 seruus
1621 2627 1684 2669 M

57 2686 113 2725 10
144 2695 359 2725 romanos
393 2683 456 2725 M
554 2690 608 2727 14
641 2685 805 2741 egloge
840 2686 903 2728 M
997 2687 1189 2731 uictore.
1221 2687 1251 2730 1.
1285 2701 1322 2730 c.
1357 2688 1420 2730 M
1518 2691 1570 2729 15
1605 2700 1679 2729 ac:
1712 2700 1740 2730 a

57 2740 121 2783 M
221 2747 274 2785 16
308 2741 472 2786 deinde
504 2742 552 2786 in
582 2756 686 2787 nos:
719 2744 827 2788 dein
854 2745 917 2787 M
1011 2748 1344 2802 conparatione
1375 2747 1604 2802 presentis
1635 2759 1738 2801 pre-

51 2800 200 2843 sentis
234 2801 296 2843 M
387 2806 438 2844 17
472 2802 656 2846 referat·
691 2804 771 2847 sed
802 2804 852 2847 id
885 2804 948 2846 M
1045 2810 1098 2849 18
1132 2807 1180 2849 et
1211 2807 1375 2849 addidi
1477 2810 1531 2847 21
1564 2804 1740 2848 militas

53 2871 111 2901 eoe
141 2859 334 2904 militias
367 2873 481 2904 corr.
514 2875 570 2904 m.
603 2866 649 2906 2.
687 2863 749 2906 Μ
851 2863 1091 2919 cleopatra
1130 2865 1194 2907 M
1297 2870 1352 2907 23
1386 2864 1422 2907 Sc
1454 2863 1739 2920 spadonibus

54 2921 132 2962 ete.
166 2918 323 2963 lemma
354 2920 551 2963 distinoez·
584 2921 640 2965 ab
673 2923 750 2976 eis,
782 2936 896 2978 quae
929 2925 1199 2967 antecedunt
1349 2928 1403 2966 27
1445 2925 1514 2966 est
1546 2923 1606 2966 ad
1636 2936 1740 2967 nos.-

55 2975 94 3019 &
124 2977 184 3020 ad
217 2979 280 3020 M
367 2984 423 3023 28
455 2978 543 3023 ibi:
576 2980 626 3025 bi
655 2994 800 3037 supra
830 2982 860 3025 b
891 2983 1065 3038 scripta
1095 2983 1127 3026 h
1160 2982 1223 3025 M
1311 2987 1367 3027 30
1398 2982 1471 3026 bis
1503 2995 1558 3027 eae
1587 2982 1657 3027 b11
1681 2982 1746 3025 M
