1939 3197
151 123 221 174 46
661 122 781 167 ODE
816 124 849 178 1,
883 127 938 167 38
973 124 1020 166 et
1053 121 1174 165 ODE
1208 122 1263 178 11,
1300 129 1337 166 1.

149 262 341 311 neutro
384 258 528 310 dixit.
591 258 851 310 feminino
893 258 991 310 sic:
1031 256 1078 309 E
1120 261 1406 327 myrteta
1444 258 1754 326 prosiluit
1793 262 1847 311 et

149 332 319 385 Haec
368 336 615 401 myrtus
663 331 935 384 Ueneris
991 335 1101 384 est.
1178 333 1311 385 haec
1360 336 1566 401 myrtus
1615 335 1669 385 et
1713 332 1846 385 haec

150 410 386 475 myrteta
424 409 458 471 ἦ·
497 424 695 459 nomen
737 406 1019 474 significat.

629 645 959 704 ODARUM
1008 644 1246 704 LIBER
1293 645 1368 703 H.

103 804 124 838 5
893 788 1013 832 ODE
1050 796 1089 834 1.

297 865 384 917 Ad
408 866 659 918 Asinium
697 865 1012 918 Pollionem.
1117 868 1143 917 1
1186 865 1428 918 Motum
1469 884 1539 918 ex
1578 865 1843 920 Metello
1932 836 1936 838 -

149 941 413 992 consule
454 940 726 992 ciuicum
758 959 825 992 m.
879 939 1012 992 haec
1046 940 1144 992 ode
1171 940 1238 992 ad
1263 939 1515 993 Asinium
1539 940 1839 994 Pollionem

148 1015 484 1068 consularem
543 1015 722 1067 uirum
784 1017 838 1066 et
890 1014 1273 1083 triumphalem
1329 1015 1529 1083 scripta
1579 1018 1682 1084 est,
1737 1034 1842 1084 qua

147 1089 397 1142 hortatur
445 1107 589 1158 eum,
638 1091 700 1141 ut
748 1088 945 1142 omisso
994 1089 1395 1158 tragoediarum
1444 1088 1846 1142 scribendarum
1936 1092 1938 1094 ’

82 1175 124 1207 10
150 1163 326 1216 studio
352 1163 667 1216 inchoatum
690 1163 948 1215 historiae
983 1181 1116 1232 opus
1158 1165 1509 1232 consummet,
1550 1181 1611 1215 ac
1652 1162 1842 1216 deinde

147 1239 204 1290 in
251 1237 530 1306 parecbasi
577 1237 631 1288 id
680 1240 761 1289 est
806 1237 864 1288 in
903 1238 1259 1290 translatione
1298 1238 1563 1290 bellorum
1603 1237 1842 1289 ciuilium
1936 1242 1939 1244 ’

148 1312 509 1364 calamitatem
548 1310 726 1363 refert.
803 1314 1041 1363 motum
1082 1329 1156 1363 ex
1195 1311 1461 1363 Metello
1502 1329 1543 1363 c.
1585 1329 1625 1363 6.
1665 1310 1838 1364 Pollio

146 1386 430 1439 historiam
491 1385 618 1438 belli
681 1384 853 1437 ciuilis
917 1404 950 1437 a
1011 1384 1230 1438 Lentuli
1293 1388 1346 1437 et
1407 1384 1649 1437 Marcelli
1714 1403 1841 1437 con-

149 1462 326 1513 sulatu
375 1461 551 1528 coepti
600 1459 759 1511 altius
813 1460 1011 1528 repetit
1064 1460 1119 1511 id
1174 1462 1256 1512 est
1311 1478 1342 1511 a
1389 1458 1609 1511 Metello
1660 1457 1844 1511 Celere

82 1548 123 1581 15
149 1538 203 1587 et
241 1534 301 1586 L.
340 1534 569 1586 Afranio
611 1534 936 1586 consulibus,
1000 1533 1228 1585 adtende
1269 1536 1449 1585 autem
1488 1551 1601 1585 non
1649 1533 1843 1586 ciuile
1935 1546 1939 1548 “

149 1609 240 1662 sed
282 1608 555 1660 ciuicum
596 1607 790 1659 dixisse
831 1607 1055 1675 antiqua
1093 1607 1282 1677 figura.
1345 1607 1425 1658 illi
1450 1607 1592 1658 enim
1634 1607 1842 1659 ciuica

149 1685 202 1735 et
253 1682 535 1750 hostica,
590 1682 780 1733 deinde
844 1681 1066 1733 ciuilia
1130 1686 1182 1733 et
1242 1681 1516 1734 hostilia
1578 1680 1845 1733 dicebant.

149 1756 615 1810 denominationes
683 1758 861 1808 autem
922 1755 1024 1807 hae
1086 1756 1198 1808 fere
1259 1755 1459 1807 liberae
1523 1758 1650 1807 sunt
1703 1755 1845 1823 apud

149 1832 350 1884 doctos,
431 1833 485 1882 et
523 1832 761 1882 motum
800 1848 897 1898 pro
937 1830 1079 1882 bello
1120 1830 1316 1898 posuit.
1426 1830 1459 1881 3
1499 1829 1845 1898 ludumque
1929 1850 1937 1891 j

81 1925 124 1956 20
147 1905 496 1973 Fortunae,
534 1904 638 1956 1106
679 1906 782 1956 est:
824 1922 959 1972 quae
999 1921 1084 1956 res
1116 1904 1383 1956 humanas
1408 1902 1640 1955 ludibrio
1664 1903 1844 1956 habet.

147 1981 184 2031 4
235 1983 296 2032 et
351 1997 522 2031 arma
575 1997 703 2031 non
759 1978 900 2030 dum
956 1978 1233 2046 expiatis
1288 1977 1342 2029 id
1391 1979 1494 2029 est:
1544 1977 1607 2028 de
1650 1977 1843 2045 quibus
1930 2042 1939 2045 „

147 2054 391 2107 nondum
431 2052 630 2121 expiati
669 2052 724 2104 id
764 2055 845 2104 est
882 2052 980 2104 loti
1021 2069 1235 2104 cruores
1261 2051 1383 2104 sint.
1448 2068 1576 2120 ergo
1602 2050 1845 2119 intellegi

147 2129 281 2197 uult,
319 2145 489 2196 paene
531 2126 705 2179 adhuc
745 2126 803 2177 in
842 2126 1092 2178 manibus
1135 2144 1250 2179 esse
1290 2143 1440 2177 arma
1480 2124 1673 2176 ciuilia.
1763 2143 1844 2177 so·
1927 2142 1939 2167 ὲ

151 2202 266 2253 lent
315 2204 494 2253 autem
541 2201 674 2270 ungi
722 2219 888 2267 arma,
937 2218 1058 2252 cum
1103 2203 1229 2268 post
1267 2199 1468 2251 bellum
1506 2200 1841 2251 transactum
1933 2208 1936 2210 ’

83 2304 124 2336 25
149 2275 460 2344 reponenda
501 2278 642 2326 sunt.
743 2274 872 2326 ordo
922 2292 1050 2344 ergo
1101 2277 1182 2326 est
1227 2273 1506 2326 nondum
1562 2272 1840 2340 expiatis
1927 2293 1931 2298 ·

150 2348 501 2401 cruoribus
652 2349 685 2399 6
725 2348 1130 2416 periculosae
1170 2349 1427 2416 plenum
1467 2364 1622 2414 opus
1663 2346 1842 2398 aleae

148 2428 186 2475 1.
234 2425 288 2475 61
333 2422 366 2474 i.
412 2441 462 2491 p.
512 2441 550 2474 s.
599 2440 640 2473 c.
689 2421 736 2472 d.
837 2422 1153 2490 allegoricos
1202 2421 1299 2489 ait,
1339 2419 1514 2471 adhuc
1554 2419 1677 2471 odia
1715 2419 1842 2471 belli
1930 2433 1938 2452 ⁷

152 2497 323 2549 ciuilis
373 2496 470 2547 sub
521 2496 693 2564 specie
741 2495 889 2564 pacis
938 2495 1150 2547 ostendi
1200 2512 1299 2546 nec
1338 2495 1517 2545 tutum
1558 2511 1672 2545 esse
1711 2493 1844 2545 haec
1932 2494 1938 2495 ⁷

272 2634 292 2671 1
327 2641 409 2683 per
440 2627 645 2683 myrteta
671 2626 733 2669 M
761 2626 819 2681 cf.
847 2626 1088 2670 Prisciani
1118 2627 1224 2670 inst.
1251 2624 1348 2679 IV,
1372 2629 1434 2669 12
1528 2629 1553 2667 3
1588 2636 1757 2667 nomen
1780 2622 1841 2678 M,

148 2686 304 2730 Iocum
337 2701 385 2742 ς,
427 2691 601 2729 unum?
667 2685 871 2729 Ceterum
910 2698 1025 2742 quae
1067 2686 1121 2729 cle
1151 2689 1297 2741 myrto
1328 2688 1369 2727 et
1399 2687 1592 2741 myrteta
1623 2683 1843 2726 dicuntur

149 2759 260 2789 num
275 2747 370 2789 sint
389 2745 727 2802 Porphyrionis
742 2745 900 2789 dubito
970 2750 997 2787 4
1014 2743 1301 2788 EXPLICIT
1318 2742 1513 2787 LIBER·
1532 2742 1565 2785 I·
1613 2739 1842 2784 INCIPIT
1929 2773 1932 2779 ,

149 2804 344 2847 LIBER·
377 2805 433 2848 II·
468 2804 532 2847 M
614 2809 637 2848 7
669 2804 757 2847 hac
792 2804 855 2846 M
944 2809 999 2848 10
1029 2804 1180 2859 hopus
1209 2802 1439 2847 consum&
1465 2801 1528 2844 M
1617 2804 1670 2843 11
1696 2799 1842 2856 par&-

148 2863 253 2906 basi
288 2865 350 2906 M
463 2868 516 2906 12
550 2863 693 2907 refert
724 2875 820 2917 nos,
851 2863 1023 2907 referat
1049 2864 1112 2906 M
1217 2867 1269 2905 13
1301 2860 1515 2905 Marcelli
1539 2874 1588 2915 ςε
1620 2871 1845 2902 1661116161

153 2921 215 2964 M
334 2927 387 2965 17
420 2923 474 2966 111
503 2922 697 2967 hostlha
730 2922 793 2965 M
904 2927 958 2965 22
992 2935 1176 2966 cruores
1205 2923 1278 2964 1111
1311 2921 1374 2963 M
1484 2923 1538 2963 28
1572 2919 1750 2975 spetlae
1784 2916 1848 2959 M
1932 2938 1936 2977 3

270 2981 452 3025 ostendi
484 2994 590 3025 nos:
621 2981 824 3025 ostend1t
851 2981 914 3024 M
940 2981 1089 3025 latere
1122 2979 1329 3024 ostendit
1353 2980 1425 3023 uel
1447 2978 1593 3022 latere
1618 2978 1666 3021 et
1689 2977 1841 3020 osten·

151 3039 222 3083 dit
254 3055 283 3094 ς
403 3043 535 3086 tuum
570 3041 634 3083 M
