1939 3197
151 67 260 120 296
564 98 567 105 .
648 68 950 112 EPISTULA
982 70 1015 124 1,
1052 73 1121 125 18,
1156 74 1343 113 15—25.

149 204 353 272 illum,
409 205 515 273 qui
567 207 664 257 est
720 204 1139 256 secundarum
1191 223 1259 256 ac
1313 205 1650 257 tertiarum
1698 223 1843 274 par-

149 278 308 330 tium
348 281 402 330 et
441 282 631 330 cetera.
749 280 815 331 15
857 279 1021 330 alter
1060 278 1310 331 rixatur
1350 279 1419 330 de
1460 280 1622 331 lana.
1647 279 1844 332 descri-

149 353 264 420 ptio
320 353 489 404 tristis
545 356 599 404 et
638 353 770 404 duri.
872 353 942 404 de
1005 353 1154 404 lana
1203 370 1380 420 saepe
1419 353 1712 422 caprina:
1775 354 1841 406 de

149 427 319 478 nihilo
373 430 488 494 aut,
549 430 610 478 ut
665 427 882 495 quidam
934 427 1140 495 dicunt,
1202 446 1484 496 caprorum
1534 428 1673 496 pilos
1728 445 1842 480 non

103 504 356 552 5saetam
420 500 600 552 dicens
657 519 771 553 esse
823 501 915 552 sed
968 502 1164 553 lanam.
1284 503 1349 554 16
1412 520 1528 570 pro
1590 506 1841 571 pugnat

146 574 352 643 nugis.
431 574 585 627 ordo:
640 594 737 644 pro
778 575 938 644 nugis
977 579 1201 645 pugnat.
1278 579 1347 627 ut
1395 594 1522 628 non
1563 576 1648 627 sit
1684 575 1843 628 mihi

146 648 352 716 prima
391 648 427 700 f.
469 667 515 717 q.
555 649 808 717 mimesiS,
845 650 899 701 id
941 652 1023 701 est
1053 650 1300 702 imitatio.
1379 650 1508 702 ordo
1535 651 1638 702 est:
1677 652 1740 701 ut
1763 668 1843 718 ea,

148 740 282 790 quae
322 741 447 774 uere
487 723 619 775 mihi
658 724 890 792 placent,
929 742 1039 777 non
1082 724 1229 776 omni
1266 724 1516 776 libertate
1542 723 1844 792 defendam,

152 798 301 861 [non]
345 797 587 849 deseram
612 798 838 849 alteram
862 798 1053 866 uitam,
1095 817 1199 866 quo
1242 798 1511 868 significat
1547 816 1660 850 non
1699 798 1839 849 tanti

80 888 122 919 10
146 870 321 922 facere
361 871 828 939 inmortalitatem,
875 876 936 924 ut
976 872 1117 940 quod
1158 873 1385 924 senserit
1422 891 1533 924 non
1572 872 1844 924 defendat.

297 946 363 997 18
421 946 707 998 elatrem:
760 947 907 999 omni
946 947 1094 998 rabie
1134 946 1398 999 uociferer
1438 964 1499 997 ac
1539 945 1837 998 defendam.

142 1019 445 1085 pretium:
526 1021 873 1072 commutatio
925 1039 1023 1088 pro
1080 1021 1189 1072 acri
1243 1020 1566 1072 liberalitate
1622 1020 1838 1072 scilicet.

144 1095 321 1143 aetas
385 1093 611 1144 altera:
674 1094 996 1146 instauratio
1052 1094 1196 1145 uitae
1247 1098 1307 1145 ut
1352 1092 1542 1145 Uirbio
1595 1093 1841 1163 contigit.

144 1166 380 1218 sordet:
444 1168 565 1219 uilis
608 1171 701 1219 est.
765 1172 818 1220 et
858 1186 1070 1220 sensus:
1134 1171 1195 1219 ut
1235 1186 1334 1237 ego
1376 1168 1625 1219 adsenter
1664 1167 1838 1236 alicui,

74 1258 116 1290 15
141 1258 238 1307 pro
279 1241 452 1309 pretio
493 1241 626 1293 mihi
668 1243 712 1294 si
752 1243 921 1294 altera
961 1246 1108 1294 aetas
1151 1242 1511 1310 adtribuatur,
1550 1242 1837 1311 neglegam

142 1332 202 1365 ac
243 1314 512 1367 sordidam
554 1316 758 1369 ducam.
893 1317 958 1369 19
1032 1316 1382 1385 ambigitur
1445 1316 1595 1384 quid
1656 1317 1837 1368 enim.

139 1388 283 1441 bono
325 1390 604 1442 stomacho
657 1391 918 1459 satyricos
970 1390 1260 1459 respondet
1313 1391 1380 1443 ad
1419 1390 1570 1457 haec,
1628 1408 1763 1458 quae
1805 1409 1838 1442 a

139 1463 281 1514 tristi
323 1468 376 1515 et
416 1482 599 1517 amaro
641 1465 783 1517 dicta
817 1469 956 1517 sunt.
1036 1464 1189 1533 equid
1215 1465 1358 1517 enim
1383 1463 1606 1533 agitur',
1644 1465 1839 1534 inquit,

142 1535 324 1604 equare
365 1541 425 1589 tu
465 1539 705 1591 insanias
745 1540 833 1591 uel
872 1540 1040 1592 facias
1079 1537 1392 1591 inimicum'.
1496 1538 1562 1590 19
1604 1536 1836 1591 Castor

70 1630 114 1661 20
141 1610 311 1663 sciat
350 1630 428 1663 an
466 1611 718 1665 Docilis
758 1615 917 1681 plus,
995 1614 1098 1665 hoc
1140 1614 1214 1665 sic
1247 1612 1712 1682 pronuntiandum
1738 1617 1836 1681 est,

137 1687 198 1735 ut
238 1685 555 1737 ostendatur
592 1687 711 1739 16116
752 1706 814 1739 ac
853 1688 1264 1756 neglegendum.
1343 1685 1536 1739 Castor
1575 1689 1754 1738 autem
1781 1696 1834 1738 et

136 1757 340 1811 Docilis
393 1763 454 1811 ut
510 1761 622 1812 alii
678 1761 864 1813 dicunt
916 1762 1206 1813 histriones
1259 1764 1390 1812 tunc
1436 1761 1716 1828 temporiS,
1772 1766 1833 1812 ut

137 1833 250 1884 alii
291 1834 617 1902 gladiatores
656 1835 889 1888 fuerunt.
1004 1836 1076 1887 20
1125 1834 1540 1886 Brundisium
1586 1833 1830 1886 Minuci

135 1925 202 1958 m.
264 1906 614 1960 Brundisium
670 1913 723 1961 et
761 1909 1001 1961 Minucia
1056 1913 1109 1961 et
1161 1908 1340 1977 Appia
1402 1909 1492 1960 uia
1552 1909 1832 1976 peruenire

69 2000 113 2032 25
137 1984 320 2048 potest
360 1983 450 2050 qui
490 1984 736 2035 uoluerit.
850 1985 918 2036 21
975 2002 1155 2052 quem
1207 1983 1512 2035 damnosa
1558 2000 1757 2034 uenus
1785 2025 1794 2034 .
1822 2024 1834 2034 .

134 2056 357 2108 nudat:
427 2057 762 2110 luxuriosum
803 2058 1086 2127 significat.
1188 2075 1368 2125 quem
1437 2074 1744 2125 praeceps
1786 2075 1830 2110 a.

132 2129 348 2182 nudat.
423 2132 716 2184 aleatorem
779 2132 1063 2201 significat.
1199 2132 1272 2183 24
1343 2130 1525 2182 diues
1589 2129 1831 2183 amicus

135 2221 323 2272 saepe
379 2205 591 2257 decem
646 2206 845 2258 uitiis.
922 2206 1024 2259 hoc
1080 2205 1230 2257 dicit:
1286 2205 1545 2257 uitiosum
1599 2205 1833 2257 amicum

135 2279 381 2344 quamuis
423 2279 492 2330 sit
530 2280 778 2332 uitiosior
835 2280 984 2332 diues
1030 2283 1215 2332 tamen
1255 2297 1310 2330 se
1348 2278 1546 2330 habere
1585 2297 1698 2331 non
1737 2297 1829 2347 pa-

65 2375 109 2406 30
132 2351 288 2420 titur3
328 2353 496 2404 credit
536 2353 678 2405 enim
717 2355 850 2405 uitia
892 2373 988 2405 sua
1029 2354 1096 2406 ob
1139 2353 1354 2404 diuitias
1379 2353 1570 2404 debere
1595 2353 1831 2420 tolerari,

132 2425 266 2476 uitia
305 2444 433 2478 uero
473 2428 723 2495 pauperis
765 2428 1020 2480 sustineri
1058 2445 1169 2480 non
1209 2444 1390 2495 posse,
1444 2444 1565 2477 cum
1604 2426 1829 2478 inferior

111 2498 483 2552 facultatibus
523 2501 723 2553 uirtute
765 2501 958 2553 debeat
997 2518 1326 2568 conpensare
1350 2501 1641 2552 fortunam.
1756 2499 1830 2552 25

131 2591 319 2641 saepe
375 2573 585 2625 decem
638 2575 826 2627 uitiis
888 2574 1277 2627 instructior
1330 2573 1435 2626 hoc
1483 2576 1587 2625 est:
1645 2573 1828 2626 decem

251 2785 272 2822 1
325 2792 379 2822 ac
414 2779 476 2822 M
481 2796 498 2832 ;
546 2779 628 2823 aut
661 2779 752 2822 Cic.
787 2780 910 2823 codd.
945 2781 1137 2824 tertium
1172 2779 1235 2822 M
1345 2783 1369 2821 2
1404 2778 1623 2822 describit
1655 2778 1719 2821 M
1801 2782 1827 2821 7

130 2836 237 2880 haee
267 2852 373 2882 nos:
426 2839 630 2882 imitatio
675 2837 828 2881 odoris
876 2838 1031 2895 &dege
1078 2852 1241 2883 uerum
1271 2838 1461 2893 placent
1493 2836 1556 2880 M
1674 2841 1700 2880 9
1731 2850 1827 2880 11011

129 2897 276 2940 cleleui
399 2903 449 2941 11
484 2897 616 2940 schol.
651 2897 712 2941 ad
744 2897 937 2941 elatrem
961 2902 1070 2954 post
1099 2897 1233 2941 schol.
1267 2897 1328 2941 ad
1358 2895 1563 2953 pretium
1594 2899 1658 2940 est
1686 2896 1740 2939 in
1764 2895 1821 2938 M

250 2961 300 2999 11
336 2956 373 2998 81
402 2956 570 3001 latrem
604 2956 667 3000 M
757 2961 810 2999 12
844 2956 940 3000 scil.
976 2957 1039 3000 M
1148 2961 1202 2999 14
1234 2956 1451 2999 adsenter
1480 2967 1586 2998 nos:
1632 2954 1829 2998 absente

130 3015 192 3057 M
284 3019 335 3057 17
371 3016 595 3059 saturicos
630 3014 693 3058 M
780 3019 836 3059 20
868 3016 956 3059 scit
988 3014 1052 3058 M
1146 3019 1199 3059 31
1234 3015 1462 3085 sustinere
1494 3013 1559 3057 M
