1939 3197
605 46 806 92 sERMo
839 47 874 103 Ι,
909 52 949 102 5,
983 51 1172 91 26—37.
1619 47 1728 99 215

42 184 288 236 meminit
334 202 453 244 cum
494 183 569 234 ait
617 181 914 249 Iuppiter
968 181 1249 233 Anxuris
1317 181 1488 232 aruis
1550 201 1728 248 prae-

43 258 225 309 sidet.
301 257 489 309 merito
517 258 696 307 autem
734 256 1038 324 repimus,
1076 255 1266 323 inquit,
1299 257 1351 305 et
1374 255 1728 322 inpositum

43 331 214 382 saxis
268 330 510 397 Anxur,
565 329 818 397 quoniam
864 329 969 380 illis
1017 328 1348 397 temporibus
1389 328 1562 379 adhuc
1602 328 1728 379 Tar-

42 404 330 455 racinensis
371 403 497 455 urbs
536 403 594 454 in
634 402 894 454 altissimo
935 405 1118 454 monte
1159 405 1294 469 erat,
1348 401 1486 453 unde
1541 405 1729 469 postea

43 477 102 528 in
165 477 469 545 aequiorem
530 477 707 528 locum
770 475 1014 543 deposita
1076 478 1178 543 est,
1246 479 1307 526 ut
1368 478 1492 526 sunt
1555 475 1728 527 adhuc
1752 488 1772 521 5

43 550 274 620 uestigia
328 550 690 602 aedificiorum
743 549 800 600 in
853 552 1057 617 monte,
1113 549 1204 601 sed
1260 551 1313 600 et
1366 567 1655 601 murorum.

44 624 114 676 26
176 625 527 692 inpositum
590 623 760 675 saxis
821 623 951 674 late
1016 622 1442 674 candentibus
1501 622 1728 674 Anxur.

43 715 200 750 mons
240 698 344 766 ille,
382 698 441 749 in
480 715 584 765 quo
625 697 915 748 Tarracina
955 696 1250 748 constituta
1290 698 1418 762 erat,
1457 714 1567 747 non
1606 713 1729 746 can-

42 771 167 822 dida
207 789 334 822 saxa
370 771 556 839 habet,
596 771 687 822 sed
728 770 858 821 calci
898 769 1203 837 coquendae
1245 768 1536 836 aptissima.
1600 786 1726 837 ergo

38 862 74 896 a
114 845 255 896 calce
295 845 507 896 uidetur
544 843 772 896 candida
811 843 1020 894 dixisse.
1136 843 1203 894 27
1259 841 1379 893 huc
1419 844 1729 893 uenturus
1754 866 1796 897 ιο

42 921 181 970 erat
232 917 568 970 Maecenas
625 920 678 968 et
730 916 950 985 reliqua.
1036 915 1365 968 dissensione
1422 918 1539 967 oita
1593 915 1731 967 inter

40 990 324 1044 Caesarem
395 991 703 1061 Augustum
768 990 1172 1059 Antoniumque
1234 988 1429 1041 Lucius
1478 987 1729 1041 Cocceius

40 1064 225 1118 Nerua
265 1084 397 1117 auus
438 1066 572 1133 eiUS,
624 1065 714 1133 qui
765 1067 953 1133 postea
999 1063 1306 1132 imperauit,
1355 1063 1491 1131 petit
1530 1081 1561 1114 a
1601 1061 1728 1114 Cae-

42 1157 174 1207 sare,
213 1141 274 1191 ut
313 1139 566 1207 aliquem,
607 1157 726 1190 cum
767 1156 870 1206 quo
902 1138 965 1189 de
1000 1156 1208 1189 summa
1246 1155 1423 1189 rerum
1461 1139 1730 1205 tractaret,

40 1213 280 1265 mitteret
330 1212 689 1264 Tarracinam.
768 1215 821 1264 et
873 1211 1106 1279 primum
1144 1210 1442 1278 MaecenaS‚
1497 1228 1622 1262 mox
1676 1213 1729 1262 01
1753 1232 1794 1265 15

43 1286 287 1356 Agrippa
342 1286 581 1356 adgressi
637 1288 785 1354 sunt,
837 1285 1020 1353 hique,
1075 1285 1164 1353 qui
1214 1285 1533 1353 pepigerant
1571 1284 1730 1335 fidem

39 1360 579 1428 confirmatissimam,
617 1359 675 1410 in
713 1328 823 1410 uria
861 1362 1036 1411 castra
1076 1358 1306 1411 conferii
1348 1358 1502 1426 signa
1535 1357 1729 1409 utrius-

41 1452 144 1502 que
200 1434 461 1485 exercitus
515 1434 802 1485 iusserunt
877 1432 978 1484 hoc
1035 1435 1088 1483 et
1143 1432 1327 1483 Titus
1382 1431 1602 1482 Liuius
1672 1431 1729 1482 in

39 1508 176 1560 libro
225 1506 477 1560 CXXVII
526 1507 690 1560 refert
744 1509 963 1574 excepta
1012 1505 1202 1557 Fontei
1254 1504 1532 1574 Capitonis
1582 1522 1728 1555 men-

38 1582 202 1634 tione.
315 1582 386 1633 32
428 1581 501 1632 ad
540 1598 812 1650 unguem
850 1580 1065 1632 factus
1103 1579 1304 1631 homo.
1379 1578 1663 1630 translatio
1699 1596 1795 1632 a20

39 1655 426 1723 marmorariiS‚
489 1656 580 1722 qui
632 1655 908 1706 iuncturas
965 1671 1292 1705 marmorum
1344 1655 1461 1704 tum
1516 1652 1730 1704 demum

38 1729 303 1797 perfectas
344 1729 549 1796 dicunt,
601 1728 645 1780 si
691 1728 887 1797 unguis
936 1727 1286 1796 superductus
1326 1744 1439 1778 non
1478 1726 1730 1778 offendat.

39 1803 181 1854 unde
242 1803 350 1854 iam
413 1819 775 1871 quaecumque
844 1801 1234 1870 perfectissima
1304 1818 1417 1851 esse
1480 1800 1728 1851 uolumus

39 1876 342 1946 significare
399 1876 466 1928 ad
520 1893 757 1944 unguem
806 1874 952 1926 facta
1006 1874 1246 1926 dicimus,
1382 1872 1453 1925 35
1513 1873 1728 1924 insani

37 1950 324 2002 ridentes
371 1950 654 2017 praemia
694 1948 941 2001 scribae
981 1948 1382 2016 praetextam
1430 1949 1491 1998 et
1529 1947 1728 1997 latum
1753 1969 1793 2001 25

40 2024 288 2075 clauum
342 2040 710 2091 prunaeque
765 2022 1077 2073 uatillum.
1169 2019 1443 2072 Aufidium
1496 2019 1729 2071 Luscum

39 2097 103 2148 de
159 2096 372 2148 decuria
427 2096 719 2148 scribarum
776 2095 1039 2164 significat
1092 2094 1281 2162 fuisse,
1343 2093 1435 2162 qui
1486 2095 1617 2145 tunc
1671 2093 1728 2144 in

39 2171 237 2238 oppido
277 2169 479 2222 Fundis
526 2169 904 2239 magistratum
952 2171 1182 2237 gereret3
1246 2185 1402 2236 quem
1452 2167 1553 2219 sibi
1598 2167 1729 2218 risui

38 2244 205 2296 fuisse
246 2244 341 2312 ait,
382 2243 523 2312 quod
561 2242 746 2312 magni
785 2242 1042 2311 penderet
1079 2241 1327 2293 indutum
1367 2259 1422 2293 se
1462 2258 1576 2292 esse
1615 2241 1726 2292 lato

39 2318 192 2370 clauo
234 2335 294 2370 ac
333 2320 610 2386 praetexta
658 2319 710 2368 et
757 2316 820 2368 de
867 2316 1073 2368 balneis
1119 2315 1347 2384 publicis
1386 2333 1586 2383 prunas
1627 2314 1728 2366 sibi
1752 2329 1794 2361 30

39 2392 256 2444 domum
296 2410 326 2443 a
357 2390 689 2442 mediastinis
730 2390 940 2442 adferri.
1054 2389 1122 2441 37
1163 2389 1229 2440 in
1266 2388 1728 2441 Mamurrarum

39 2465 199 2516 lassi
254 2465 479 2516 deinde
534 2465 688 2516 urbe
739 2481 1074 2516 manemus,
1150 2462 1394 2515 Formias
1433 2463 1620 2514 urbem
1661 2461 1728 2513 si-

41 2538 274 2607 gnificat.
349 2538 438 2590 hic
490 2556 723 2606 namque
778 2538 882 2589 fuit
933 2537 1139 2589 familia
1184 2536 1578 2588 Mamurrarum
1631 2535 1726 2587 ho-

162 2673 182 2710 1
217 2668 331 2711 Aen.
366 2673 407 2721 7,
440 2673 523 2712 799

160 2792 182 2830 1
210 2800 378 2829 anxins
399 2786 461 2828 M
549 2789 574 2828 5
608 2787 655 2829 et
687 2787 822 2829 sunt?
917 2790 941 2829 7
960 2800 1106 2841 anxyr
1131 2785 1194 2828 M
1281 2790 1306 2828 8
1333 2796 1426 2839 qua
1447 2783 1508 2825 M
1569 2787 1621 2826 12
1641 2783 1728 2826 Lu-

38 2845 137 2889 cius
169 2845 387 2889 Cocceius
422 2844 601 2901 Pauly:
646 2844 831 2888 lucillus
865 2845 924 2887 M
1070 2850 1124 2888 16
1158 2842 1391 2900 congressi
1422 2857 1451 2896 ς
1586 2841 1729 2897 hique

40 2905 121 2959 qui
150 2918 255 2948 nos.-
284 2904 334 2947 hi
367 2916 549 2959 quoque
583 2903 647 2945 M
766 2908 818 2947 17
843 2917 936 2947 uno
971 2904 1033 2946 M
1148 2904 1370 2956 utrosque
1404 2901 1467 2943 M
1587 2905 1640 2945 18
1672 2900 1728 2943 li-

37 2963 141 3007 bius
174 2964 236 3006 Μ
323 2968 378 3006 26
412 2962 637 3005 adsidium
671 2962 733 3004 M
821 2967 876 3006 28
917 2962 1096 3018 gener&
1130 2962 1192 3003 M
1265 2965 1320 3003 33
1353 2959 1635 3002 familiarum
1669 2959 1732 3002 M
