1939 3197
182 116 291 168 354
676 113 792 157 ARS
824 111 1088 156 POETICA
1120 117 1367 182 273-310.

182 251 410 303 celeris
449 249 714 301 nimium
756 266 1031 317 curaque
1079 248 1383 299 carentis,
1462 266 1552 301 eos
1591 248 1874 318 significat,
1931 282 1936 285 ‹

181 325 273 393 qui
310 323 618 393 tragoedias
658 323 901 375 actitant.
1023 322 1130 373 273
1196 322 1426 374 scimus
1488 322 1874 375 inurbanum
1931 384 1939 394 „

179 398 394 466 lepido
461 414 768 465 seponere
832 396 1002 448 dicto
1056 395 1160 447 hoc
1215 398 1318 447 est:
1383 396 1704 465 discernere,
1744 397 1873 464 quid
1933 443 1935 446 .

178 472 438 523 inurbane
490 471 691 522 dictum
747 471 817 521 sit
871 470 997 538 quid
1048 469 1239 537 lepide.
1314 469 1550 537 lepidum
1590 472 1671 522 est
1708 488 1873 522 1181111-
1935 522 1938 527 ,

135 565 155 596 5
182 549 323 598 stum
349 547 402 596 et
427 563 605 597 suaue.
706 545 815 595 274
853 543 1342 612 legitimumque
1384 562 1602 595 sonum
1643 544 1872 613 digitis

181 620 487 670 callemus
530 621 589 670 et
630 636 778 670 aure
805 618 859 668 id
885 620 989 668 est:
1032 635 1153 668 cum
1177 620 1349 668 metra
1374 617 1557 686 digitis
1584 619 1618 683 ἢ·
1645 618 1710 669 ab
1741 637 1873 670 aura

181 693 402 744 serimus
440 693 735 760 probantes
762 709 832 742 an
857 693 1167 743 consonent.
1261 690 1369 742 275
1409 692 1705 760 ignotum
1743 694 1871 744 tra-

179 766 355 835 gicae
397 783 595 835 genus
636 765 969 817 inuenisse
996 763 1322 817 Camenae.
1372 765 1598 833 Thespis
1637 766 1872 833 primum

176 840 482 909 tragoedias
524 840 740 908 scripsit
779 857 971 909 genere
1011 838 1382 907 Atheniensis,
1431 839 1497 890 ad
1539 857 1669 907 quas
1711 857 1871 909 agen-

123 934 165 965 10
179 914 273 965 das
311 914 556 982 plaustro
609 914 748 965 circa
798 913 1043 966 ciuitates
1098 909 1352 981 [egregie]
1410 911 1661 965 Graeciae
1711 913 1872 966 uehe-

177 988 350 1039 batur.
467 988 571 1039 277
617 1005 774 1056 quae
815 988 1121 1039 canerent
1146 988 1536 1055 agerentque
1572 988 1872 1055 peruncti

176 1061 465 1112 faecibus
523 1080 643 1113 ora.
723 1079 785 1112 ex
838 1061 942 1112 hoc
998 1061 1161 1111 etiam
1203 1062 1399 1128 putant
1454 1061 1707 1128 quidam
1761 1065 1868 1113 tra-

176 1135 423 1203 goediam
450 1135 777 1202 appellatam
807 1134 960 1203 quasi
984 1133 1306 1202 trygadiam,
1333 1134 1459 1202 quia
1482 1135 1686 1186 faecem
1710 1138 1870 1204 tryga

181 1207 369 1260 Graeci
409 1209 698 1276 appellant.
813 1209 919 1260 278
975 1210 1122 1276 post
1170 1207 1335 1259 hunc
1385 1225 1697 1275 personae
1736 1210 1870 1276 pal-

112 1282 399 1350 15laeque
439 1285 731 1350 repertor
769 1282 1094 1334 honestae.
1172 1280 1476 1349 Aeschylus
1516 1282 1721 1350 primus
1759 1285 1869 1335 tra-

174 1356 379 1425 goediis
420 1359 671 1408 coturnos
713 1358 766 1407 et
807 1374 990 1424 syrma
1030 1358 1083 1407 et
1120 1373 1408 1425 personam
1441 1356 1598 1407 dedit.
1674 1356 1869 1409 horum

174 1430 317 1481 enim
356 1430 520 1481 trium
562 1433 748 1482 auctor
788 1433 882 1482 est.
959 1430 1168 1497 pallae
1207 1429 1540 1481 honestae:
1590 1430 1869 1498 pretiosae.

322 1504 427 1556 281
510 1504 828 1556 8118888811
889 1507 1074 1555 1181118
1145 1504 1246 1555 his
1311 1504 1661 1572 comoedia,
1732 1522 1869 1573 quae

173 1571 446 1645 <ἆρχαια>
509 1578 825 1646 appellatur.
903 1580 985 1629 est
1032 1578 1241 1630 81118111
1252 1594 1420 1646 genus
1460 1577 1870 1631 maledicacissi-

106 1670 149 1700 20
172 1669 320 1702 mum
360 1655 412 1703 et
451 1653 680 1703 multum
721 1652 927 1703 distans
969 1651 1034 1702 ab
1074 1652 1175 1703 hac
1214 1669 1372 1703 noua.
1509 1652 1615 1703 291
1680 1671 1793 1705 1108
1834 1671 1867 1706 0
1908 1692 1913 1693 ἢ

172 1716 530 1793 Pompilius
589 1726 882 1794 sanguis,
934 1725 1058 1793 quia
1099 1724 1297 1793 Calpus
1337 1725 1479 1781 filius
1520 1729 1602 1777 est
1639 1724 1868 1795 Numae,

172 1816 203 1848 a
243 1816 347 1865 quo
390 1796 668 1881 Calpurnii
706 1798 927 1850 Pisones
966 1801 1246 1850 traxerunt
1284 1817 1496 1850 nomen.
1612 1800 1721 1852 295
1771 1801 1864 1852 in-

171 1872 424 1940 genium
463 1873 695 1924 misera
752 1873 899 1942 quia
937 1872 1336 1924 fortunatius
1377 1875 1527 1924 arte.
1606 1874 1682 1924 ait
1721 1874 1865 1926 enim

169 1944 510 1997 Democritus
548 1946 797 2013 poeticen
836 1949 1032 1997 natura
1070 1946 1243 2015 magis
1285 1965 1446 2014 quam
1478 1949 1592 1998 arte
1617 1951 1861 2000 801181818

104 2038 145 2070 25
175 2022 227 2070 et
268 2037 358 2071 eos
402 2020 544 2072 solos
584 2022 774 2088 poetas
815 2038 931 2072 esse
971 2037 1151 2087 ueros,
1192 2020 1283 2088 qui
1321 2020 1618 2087 insaniant3
1658 2021 1715 2071 in
1756 2040 1862 2090 qua

167 2093 514 2160 persuasione
555 2099 602 2145 et
630 2092 785 2145 Plato
827 2096 920 2145 est.
1035 2094 1144 2145 300
1185 2094 1235 2145 si
1273 2094 1483 2145 tribus
1523 2093 1865 2162 Anticyris

169 2170 360 2235 caput
388 2213 391 2215 ,
421 2167 804 2220 1118811810118.
896 2167 1045 2219 108118
1101 2170 1181 2220 881
1234 2168 1293 2219 in
1330 2166 1540 2219 Achaia
1577 2168 1860 2237 Anticyra,

166 2240 259 2291 ubi
299 2241 593 2292 elleborum
631 2242 893 2309 nascitur,
950 2260 1054 2310 quo
1098 2244 1312 2309 sumpto
1354 2242 1627 2293 dementes
1668 2261 1861 2294 sanan-

167 2317 270 2365 tur.
324 2314 426 2367 hoc
482 2315 644 2366 etiam
701 2318 914 2383 sumpto
974 2317 1069 2381 [et]
1127 2315 1279 2367 dolor
1305 2315 1508 2384 'capitis
1550 2319 1785 2368 sanatur.

96 2407 140 2438 30
168 2387 274 2439 302
317 2388 420 2456 qui
472 2407 714 2458 purgor
763 2389 955 2440 bilem
1011 2389 1124 2440 sub
1180 2390 1360 2441 uerni
1399 2389 1710 2457 temporis
1748 2389 1860 2442 ho-

165 2480 311 2513 ram.
397 2480 582 2514 omnes
638 2463 781 2514 enim
836 2481 1002 2514 uerno
1056 2465 1296 2530 tempore
1346 2463 1724 2532 purgationem
1774 2482 1859 2515 su-

164 2536 343 2602 munt,
407 2536 549 2603 quod
611 2539 836 2588 uocatur
881 2533 1236 2605 καθαρτικόν.
1352 2536 1458 2588 309
1532 2537 1856 2589 scribendi

164 2611 335 2660 recte
387 2627 608 2676 sapere
660 2613 757 2661 est
808 2612 867 2661 et
915 2610 1306 2678 principium
1362 2613 1422 2661 et
1474 2610 1618 2662 fons
1657 2610 1713 2661 id
1752 2613 1857 2663 est:

166 2682 298 2733 scire
339 2682 465 2749 quid
506 2683 731 2751 scribas,
769 2683 870 2736 hoc
911 2684 1054 2735 enim
1095 2701 1279 2752 sapere
1320 2687 1414 2735 est.
1560 2684 1668 2736 310
1728 2701 1883 2735 rem·

284 2847 306 2884 7
341 2843 607 2886 consonent⁷
643 2843 711 2897 (in
741 2843 831 2896 fine
862 2844 1026 2899 lineae)
1059 2844 1121 2886 M
1201 2848 1226 2886 9
1259 2844 1445 2887 881110811
1478 2844 1541 2886 Μ
1631 2848 1684 2887 10
1728 2856 1856 2899 egre-

163 2900 263 2955 gias
298 2916 325 2955 ς
449 2907 501 2945 13
533 2903 660 2957 triga
693 2902 756 2943 M
874 2907 928 2945 14
974 2902 1220 2958 paelleque
1254 2903 1317 2944 M
1436 2908 1489 2946 15
1539 2901 1765 2946 aeschilus
1792 2902 1857 2944 Μ

280 2960 547 3016 tragoedis‘>
613 2966 664 3003 16
699 2974 838 3003 Sirma
871 2962 935 3003 M
1025 2967 1077 3004 17
1119 2964 1208 3004 est:
1243 2974 1291 3004 88
1325 2961 1387 3004 Μ
1444 2961 1640 3005 honoste
1674 2961 1736 3003 M
1795 2965 1849 3002 21

164 3017 340 3074 calypis
374 3019 435 3061 Μ
525 3024 579 3062 27
613 3019 765 3074 capud
799 3020 861 3062 M
949 3019 1004 3073 cf.
1039 3021 1101 3064 acl
1132 3020 1178 3064 S
1212 3024 1260 3073 2,
1292 3023 1335 3073 3,
1368 3023 1430 3064 83
