1939 3197
664 52 865 96 SERMo
897 53 931 108 1,
964 57 1004 108 4,
1039 57 1222 97 79-90.
1669 52 1774 103 211

103 188 208 256 qui
248 188 490 255 scripta
528 187 668 238 foro
716 187 992 239 recitent
1039 190 1188 239 sunt
1240 187 1440 238 multi.
1545 185 1606 239 ἐν
1645 182 1777 240 ὕπο-

101 263 276 329 κρίσει
300 279 396 327 per
420 255 832 329 ἄνθυποφορὰν
856 261 959 312 1106
982 260 1443 329 pronuntiandum
1468 263 1563 328 est,
1588 260 1777 312 deinde

99 334 435 386 inferendum
483 334 636 401 quasi
685 351 780 401 per
833 351 1148 402 responsum
1204 334 1491 403 quoddam:
1547 334 1778 402 quique

99 409 411 459 lauantes.
467 411 520 457 et
553 411 632 458 est
665 424 874 458 sensus:
917 408 1008 459 sed
1044 408 1174 459 dicis
1213 408 1412 460 multos
1451 407 1526 458 ita
1560 407 1779 476 gloriari

98 481 156 531 in
194 481 436 531 uersibus
478 481 601 548 suiS,
640 483 701 531 ut
740 499 830 532 eos
872 482 1033 533 etiam
1071 481 1128 532 in
1167 481 1341 533 medio
1373 481 1492 533 foro
1529 481 1776 547 recitent3

100 554 391 621 consentio,
432 572 491 605 ac
527 572 639 606 non
676 557 889 606 tantum
928 555 1018 622 ibi,
1056 573 1242 606 uerum
1282 554 1441 605 etiam
1480 555 1539 606 in
1569 554 1777 606 balneis

101 627 234 679 haec
280 628 416 695 fieri,
464 628 659 696 quippe
707 645 821 679 cum
868 629 1104 680 suauiter
1157 645 1415 679 resonans
1470 645 1576 679 uox
1628 627 1776 695 ipsos

98 719 285 752 uersus
325 702 668 769 gratiosiores
707 701 885 753 faciat.
942 702 1031 752 sed
1070 704 1246 753 totum
1283 701 1386 752 hoc
1421 701 1778 752 urbanissima

100 775 452 826 amaritudine
507 775 714 826 dicitur.
867 775 934 826 79
991 777 1052 825 et
1104 774 1221 825 hoc
1277 774 1487 825 studio
1542 792 1778 841 prauus

97 847 273 899 facis,
349 851 528 915 potest
568 846 628 898 ἐν
666 843 953 916 ὑπαλλαγῇ
994 848 1184 915 accipi:
1224 865 1392 914 prauo
1434 847 1609 898 studio
1644 847 1778 898 facis

99 921 216 973 hoc.
334 921 400 972 79
441 922 716 989 petitum
754 921 871 973 hoc
910 922 975 972 in
1013 939 1104 972 1116
1143 921 1318 972 iacis.
1394 920 1550 988 unde,
1588 920 1779 988 inquit,

98 995 300 1046 crimen
344 994 446 1045 hoc
493 995 550 1046 in
595 1013 680 1046 me
727 995 971 1063 colligis?
1022 998 1074 1046 et
1118 994 1222 1046 hoc
1260 997 1422 1062 poeta
1460 994 1673 1062 proprie
1714 994 1777 1045 de

100 1085 153 1120 se
210 1068 350 1119 dicit.
440 1072 520 1120 est
575 1071 753 1119 autem
803 1068 1197 1136 metaphoricos
1252 1067 1452 1119 dictum
1507 1067 1659 1135 quasi
1714 1067 1777 1118 de

97 1142 205 1194 telo
247 1142 424 1209 aliquo
466 1144 560 1192 aut
596 1142 788 1209 lapide,
828 1142 919 1210 qui
956 1142 1165 1194 tollitur
1203 1142 1387 1209 utique
1421 1141 1678 1207 alicunde,
1718 1144 1778 1191 ut

98 1215 355 1266 mittatur.
471 1216 537 1267 81
580 1216 907 1266 absentem
949 1216 1054 1283 qui
1091 1215 1263 1267 rodit
1303 1215 1566 1266 amicum
1607 1217 1661 1265 et
1697 1232 1776 1265 re-

96 1289 258 1356 liqua.
334 1289 465 1340 haec
506 1288 667 1340 etiam
715 1289 951 1357 grauiter
997 1289 1259 1341 dicuntur.
1411 1288 1482 1339 82
1530 1288 1779 1340 solutos

99 1362 204 1429 qui
244 1365 461 1429 captat
514 1362 680 1413 risus
727 1363 1049 1414 hominum
1109 1362 1213 1414 hoc
1261 1364 1362 1413 est:
1449 1361 1539 1429 qui
1578 1379 1779 1412 meram

98 1435 459 1486 urbanitatem
498 1438 668 1503 putat,
709 1436 753 1486 si
789 1436 1055 1504 carpendo
1089 1436 1319 1503 aliquem
1352 1435 1519 1486 risum
1560 1435 1778 1486 circum—

99 1509 365 1560 stantibus
405 1512 633 1560 moueat.
786 1509 855 1561 85
902 1509 1004 1560 hic
1050 1509 1233 1577 niger
1280 1511 1377 1560 est
1423 1508 1478 1558 id
1533 1511 1636 1559 est:
1690 1507 1778 1559 hic

97 1583 268 1634 malus
309 1600 369 1633 ac
408 1585 705 1634 uenenatus
745 1585 840 1634 est.
915 1582 1130 1651 nigrum
1171 1584 1350 1634 autem
1387 1599 1485 1649 pro
1525 1582 1667 1633 malo
1716 1598 1777 1633 ac

97 1656 257 1708 noxio
314 1656 388 1707 sic
444 1656 597 1723 dixit,
650 1659 711 1707 ut
759 1654 1102 1724 Uirgilius:
1167 1654 1356 1724 Nigri
1418 1673 1552 1706 cum
1612 1655 1778 1706 lacte

97 1730 341 1780 ueneni.
461 1730 528 1781 87
571 1748 597 1780 6
639 1729 868 1797 quibus
908 1748 1069 1781 unus
1110 1732 1255 1780 auet
1294 1729 1520 1797 quauis
1561 1746 1778 1796 aspar-

97 1820 244 1872 gere
278 1803 799 1871 cunctos:probris
819 1803 1021 1854 scilicet
1038 1819 1338 1872 aspargere.
1417 1803 1486 1854 88
1518 1805 1777 1869 praeter

97 1895 231 1928 eum
279 1877 385 1944 qui
430 1877 695 1943 praebet
742 1895 962 1944 aquam
1008 1876 1063 1927 id
1113 1879 1216 1927 est:
1257 1876 1348 1943 qui
1399 1876 1586 1943 pascit.
1686 1875 1778 1927 sed

98 1951 375 2002 uideamus
424 1968 494 2000 an
541 1950 820 2002 commoda
867 1949 1200 2017 synecdoche
1249 1949 1319 2000 sit
1366 1947 1580 2016 eaquam
1625 1966 1774 2016 prae-

96 2022 240 2074 bere’
282 2023 451 2073 dicere
491 2041 587 2090 pro
630 2022 900 2091 ‘pascere'.
999 2022 1068 2074 89
1110 2022 1371 2074 condita
1410 2039 1545 2079 cum
1583 2039 1776 2073 uerax

99 2096 311 2164 aperit
363 2096 743 2164 praecordia
789 2095 978 2147 Liber
1016 2096 1118 2147 hoc
1159 2098 1261 2147 est:
1318 2113 1436 2146 cum
1475 2112 1570 2163 per
1610 2095 1776 2146 ebrie-

96 2173 263 2221 tatem
310 2187 372 2221 ea
420 2187 553 2237 quae
600 2170 658 2220 in
702 2169 968 2237 penitiora
1013 2169 1207 2220 mentis
1248 2168 1560 2220 condiderat
1596 2168 1777 2236 prodit

97 2262 157 2295 ac
195 2243 448 2312 publicat.
599 2243 669 2295 90
716 2243 817 2294 hic
861 2242 984 2294 tibi
1031 2242 1229 2294 comis
1278 2244 1338 2293 et
1375 2242 1660 2293 urbanus
1698 2242 1774 2293 li-

1804 868 1845 898 10

1806 1235 1844 1267 15

1801 1603 1845 1634 20

1800 1969 1844 2001 25

96 2318 331 2385 berque
386 2316 643 2368 uidetur
695 2316 920 2380 infesto
972 2316 1173 2382 myris
1255 2315 1310 2366 id
1365 2318 1468 2366 est:
1522 2315 1623 2366 tibi
1684 2315 1773 2382 qui
1797 2336 1840 2368 30

216 2452 269 2489 21
302 2448 416 2489 Aen.
449 2453 489 2501 4,
523 2450 608 2489 514

218 2585 238 2621 1
271 2577 630 2633 ysso-Kopcffl
666 2579 752 2620 ΡΕι·
785 2579 849 2620 Μ
993 2583 1018 2621 3
1053 2579 1187 2634 quasi
1220 2577 1399 2633 Pauly.-
1430 2591 1523 2632 qua
1556 2576 1618 2619 M
1746 2581 1774 2618 4

98 2652 199 2696 sed:
233 2651 301 2695 si?
436 2651 609 2694 multos
639 2650 708 2693 ita
739 2651 1016 2694 Fabricius:
1046 2650 1194 2694 multo
1226 2664 1349 2693 enlm
1382 2649 1445 2692 M
1558 2653 1584 2692 8
1615 2661 1773 2692 uersos

99 2711 160 2754 M
278 2714 303 2752 9
337 2710 499 2752 studeo
533 2710 596 2751 M
714 2715 768 2753 10
802 2706 852 2752 ἐν
885 2705 1126 2765 ὑπαλλαγῇ
1158 2722 1262 2752 nos:
1293 2707 1578 2762 ethiballage
1612 2707 1675 2749 M

98 2776 151 2812 11
184 2770 272 2812 hoc
312 2782 411 2810 cum
450 2766 566 2810 facis
595 2768 735 2810 iunxi
886 2773 939 2810 12
971 2781 1161 2823 propria
1194 2768 1257 2810 M
1405 2772 1457 2809 13
1489 2765 1772 2809 m&aforicos

98 2828 161 2871 M
279 2832 333 2870 20
364 2829 561 2869 uenatus
596 2827 658 2868 M
773 2826 897 2869 malo
928 2827 1147 2869 Dobnox10
1181 2826 1244 2868 M
1360 2830 1414 2867 22
1447 2826 1528 2867 aut
1559 2837 1772 2879 quamuis

98 2887 161 2929 M
277 2890 332 2928 24
365 2885 463 2940 qui:
498 2898 608 2939 qula
640 2884 703 2927 M
819 2889 875 2928 25
909 2885 1177 2928 smecdoche
1204 2909 1213 2917 ·
1239 2885 1300 2927 S1t
1329 2884 1569 2938 tamquam
1603 2883 1664 2925 M

97 2950 152 2989 26
185 2958 309 2988 cum:
344 2957 429 2987 con
463 2943 525 2985 M
642 2948 696 2987 28
728 2944 983 2999 permtlora
1017 2943 1078 2986 M
1195 2947 1250 2985 29
1282 2942 1342 2985 s&
1375 2942 1436 2984 M

1327 3013 1419 3057 14*
