<?xml version="1.0" encoding="UTF-8"?>
<!DOCTYPE html PUBLIC "-//W3C//DTD XHTML 1.0 Transitional//EN"
    "http://www.w3.org/TR/xhtml1/DTD/xhtml1-transitional.dtd">
<html xmlns="http://www.w3.org/1999/xhtml" xml:lang="en" lang="en">
 <head>
  <title>
</title>
<meta http-equiv="Content-Type" content="text/html;charset=utf-8" />
  <meta name='ocr-system' content='tesseract 3.04.00' />
  <meta name='ocr-capabilities' content='ocr_page ocr_carea ocr_par ocr_line ocrx_word'/>
</head>
<body>
  <div class='ocr_page' id='page_1' title='image "./pomponiiporphyri00pomp_0345.png"; bbox 0 0 1939 3197; ppageno 0'>
   <div class='ocr_carea' id='block_1_1' title="bbox 598 70 1778 130">
    <p class='ocr_par' dir='ltr' id='par_1_1' title="bbox 598 70 1778 130">
     <span class='ocr_line' id='line_1_1' title="bbox 598 70 1778 130; baseline 0.004 -12"><span class='ocrx_word' id='word_1_1' title='bbox 598 74 898 118; x_wconf 74' lang='lat' dir='ltr'><strong>EPISTULA</strong></span> <span class='ocrx_word' id='word_1_2' title='bbox 928 74 984 130; x_wconf 85' lang='lat'>11,</span> <span class='ocrx_word' id='word_1_3' title='bbox 1019 78 1060 130; x_wconf 80' lang='lat'>2,</span> <span class='ocrx_word' id='word_1_4' title='bbox 1094 77 1285 120; x_wconf 77' lang='lat'>41-55,</span> <span class='ocrx_word' id='word_1_5' title='bbox 1674 70 1778 123; x_wconf 82' lang='lat'>331</span> 
     </span>
    </p>
   </div>
   <div class='ocr_carea' id='block_1_2' title="bbox 91 207 1850 2202">
    <p class='ocr_par' dir='ltr' id='par_1_2' title="bbox 91 207 1850 2202">
     <span class='ocr_line' id='line_1_2' title="bbox 92 207 1779 265; baseline -0.004 -1"><span class='ocrx_word' id='word_1_6' title='bbox 92 212 383 265; x_wconf 80' lang='lat' dir='ltr'>inuitatum</span> <span class='ocrx_word' id='word_1_7' title='bbox 430 210 584 263; x_wconf 91' lang='lat' dir='ltr'>donis</span> <span class='ocrx_word' id='word_1_8' title='bbox 633 227 695 262; x_wconf 87' lang='lat' dir='ltr'>ac</span> <span class='ocrx_word' id='word_1_9' title='bbox 741 210 887 262; x_wconf 89' lang='lat' dir='ltr'>lucro</span> <span class='ocrx_word' id='word_1_10' title='bbox 944 209 1011 261; x_wconf 89' lang='lat' dir='ltr'>ad</span> <span class='ocrx_word' id='word_1_11' title='bbox 1067 207 1346 261; x_wconf 87' lang='lat' dir='ltr'>scribenda</span> <span class='ocrx_word' id='word_1_12' title='bbox 1401 207 1638 260; x_wconf 90' lang='lat' dir='ltr'>carmina</span> <span class='ocrx_word' id='word_1_13' title='bbox 1693 207 1779 259; x_wconf 88' lang='lat' dir='ltr'>de-</span> 
     </span>
     <span class='ocr_line' id='line_1_3' title="bbox 94 280 1779 338; baseline -0.002 -1"><span class='ocrx_word' id='word_1_14' title='bbox 94 285 321 338; x_wconf 89' lang='lat' dir='ltr'>uenisse.</span> <span class='ocrx_word' id='word_1_15' title='bbox 469 285 538 336; x_wconf 87' lang='lat'>41</span> <span class='ocrx_word' id='word_1_16' title='bbox 588 283 823 336; x_wconf 83' lang='lat' dir='ltr'>Romae</span> <span class='ocrx_word' id='word_1_17' title='bbox 871 283 1124 335; x_wconf 84' lang='lat' dir='ltr'>nutriri.</span> <span class='ocrx_word' id='word_1_18' title='bbox 1202 281 1514 333; x_wconf 79' lang='lat' dir='ltr'>etdiscitur</span> <span class='ocrx_word' id='word_1_19' title='bbox 1553 280 1779 333; x_wconf 86' lang='lat' dir='ltr'>Achillis</span> 
     </span>
     <span class='ocr_line' id='line_1_4' title="bbox 91 354 1779 426; baseline -0.004 -15"><span class='ocrx_word' id='word_1_20' title='bbox 91 359 369 412; x_wconf 80' lang='lat' dir='ltr'>iracundia</span> <span class='ocrx_word' id='word_1_21' title='bbox 417 357 711 424; x_wconf 89' lang='lat' dir='ltr'>[omnibus]</span> <span class='ocrx_word' id='word_1_22' title='bbox 764 361 816 409; x_wconf 89' lang='lat' dir='ltr'>et</span> <span class='ocrx_word' id='word_1_23' title='bbox 863 360 1123 426; x_wconf 84' lang='lat' dir='ltr'>quantum</span> <span class='ocrx_word' id='word_1_24' title='bbox 1164 355 1378 408; x_wconf 84' lang='lat' dir='ltr'>offuerit</span> <span class='ocrx_word' id='word_1_25' title='bbox 1416 354 1628 407; x_wconf 80' lang='lat' dir='ltr'>Graecis</span> <span class='ocrx_word' id='word_1_26' title='bbox 1671 373 1779 406; x_wconf 92' lang='lat' dir='ltr'>om-</span> 
     </span>
     <span class='ocr_line' id='line_1_5' title="bbox 94 427 1782 500; baseline -0.004 -15"><span class='ocrx_word' id='word_1_27' title='bbox 94 433 268 485; x_wconf 73' lang='lat' dir='ltr'>nibus</span> <span class='ocrx_word' id='word_1_28' title='bbox 346 435 400 484; x_wconf 87' lang='lat' dir='ltr'>et</span> <span class='ocrx_word' id='word_1_29' title='bbox 437 431 525 484; x_wconf 89' lang='lat' dir='ltr'>hic</span> <span class='ocrx_word' id='word_1_30' title='bbox 563 431 790 500; x_wconf 81' lang='lat' dir='ltr'>figurate</span> <span class='ocrx_word' id='word_1_31' title='bbox 845 431 1125 483; x_wconf 89' lang='lat' dir='ltr'>saeuitiam</span> <span class='ocrx_word' id='word_1_32' title='bbox 1166 427 1410 482; x_wconf 78' lang='lat' dir='ltr'>Caesaris</span> <span class='ocrx_word' id='word_1_33' title='bbox 1450 428 1685 497; x_wconf 81' lang='lat' dir='ltr'>Augusti</span> <span class='ocrx_word' id='word_1_34' title='bbox 1724 429 1782 479; x_wconf 90' lang='lat' dir='ltr'>in</span> 
     </span>
     <span class='ocr_line' id='line_1_6' title="bbox 95 503 1824 574; baseline -0.003 -16"><span class='ocrx_word' id='word_1_35' title='bbox 95 507 347 559; x_wconf 90' lang='lat' dir='ltr'>aduersas</span> <span class='ocrx_word' id='word_1_36' title='bbox 400 508 580 574; x_wconf 90' lang='lat' dir='ltr'>partes</span> <span class='ocrx_word' id='word_1_37' title='bbox 635 505 847 557; x_wconf 88' lang='lat' dir='ltr'>uidetur</span> <span class='ocrx_word' id='word_1_38' title='bbox 911 505 1202 558; x_wconf 70' lang='lat' dir='ltr'>ostendere.</span> <span class='ocrx_word' id='word_1_39' title='bbox 1353 504 1424 555; x_wconf 83' lang='lat'>43</span> <span class='ocrx_word' id='word_1_40' title='bbox 1488 503 1779 554; x_wconf 88' lang='lat' dir='ltr'>adiecere</span> <span class='ocrx_word' id='word_1_41' title='bbox 1805 516 1824 547; x_wconf 83' lang='lat'>5</span> 
     </span>
     <span class='ocr_line' id='line_1_7' title="bbox 93 576 1782 648; baseline -0.003 -16"><span class='ocrx_word' id='word_1_42' title='bbox 93 581 296 632; x_wconf 89' lang='lat' dir='ltr'>bonae</span> <span class='ocrx_word' id='word_1_43' title='bbox 335 581 527 648; x_wconf 89' lang='lat' dir='ltr'>paulo</span> <span class='ocrx_word' id='word_1_44' title='bbox 567 580 709 647; x_wconf 92' lang='lat' dir='ltr'>plus</span> <span class='ocrx_word' id='word_1_45' title='bbox 752 598 794 631; x_wconf 91' lang='lat' dir='ltr'>a.</span> <span class='ocrx_word' id='word_1_46' title='bbox 875 579 1000 631; x_wconf 87' lang='lat' dir='ltr'>dicit</span> <span class='ocrx_word' id='word_1_47' title='bbox 1042 597 1096 630; x_wconf 91' lang='lat' dir='ltr'>se</span> <span class='ocrx_word' id='word_1_48' title='bbox 1138 578 1300 630; x_wconf 91' lang='lat' dir='ltr'>etiam</span> <span class='ocrx_word' id='word_1_49' title='bbox 1339 576 1569 628; x_wconf 88' lang='lat' dir='ltr'>Athenis</span> <span class='ocrx_word' id='word_1_50' title='bbox 1610 576 1782 644; x_wconf 87' lang='lat' dir='ltr'>philo-</span> 
     </span>
     <span class='ocr_line' id='line_1_8' title="bbox 94 651 1782 723; baseline -0.003 -17"><span class='ocrx_word' id='word_1_51' title='bbox 94 654 314 723; x_wconf 81' lang='lat' dir='ltr'>sophiae</span> <span class='ocrx_word' id='word_1_52' title='bbox 356 672 574 722; x_wconf 91' lang='lat' dir='ltr'>operam</span> <span class='ocrx_word' id='word_1_53' title='bbox 614 653 835 705; x_wconf 84' lang='lat' dir='ltr'>dedisse.</span> <span class='ocrx_word' id='word_1_54' title='bbox 949 654 1021 704; x_wconf 90' lang='lat'>44</span> <span class='ocrx_word' id='word_1_55' title='bbox 1070 670 1264 704; x_wconf 89' lang='lat' dir='ltr'>curuo</span> <span class='ocrx_word' id='word_1_56' title='bbox 1313 651 1645 704; x_wconf 80' lang='lat' dir='ltr'>dinoscere</span> <span class='ocrx_word' id='word_1_57' title='bbox 1684 667 1782 701; x_wconf 91' lang='lat' dir='ltr'>re-</span> 
     </span>
     <span class='ocr_line' id='line_1_9' title="bbox 93 724 1781 796; baseline -0.004 -16"><span class='ocrx_word' id='word_1_58' title='bbox 93 731 262 780; x_wconf 87' lang='lat' dir='ltr'>ctum</span> <span class='ocrx_word' id='word_1_59' title='bbox 302 728 356 779; x_wconf 92' lang='lat' dir='ltr'>id</span> <span class='ocrx_word' id='word_1_60' title='bbox 396 731 499 780; x_wconf 88' lang='lat' dir='ltr'>est:</span> <span class='ocrx_word' id='word_1_61' title='bbox 540 747 636 796; x_wconf 91' lang='lat' dir='ltr'>per</span> <span class='ocrx_word' id='word_1_62' title='bbox 675 727 904 779; x_wconf 86' lang='lat' dir='ltr'>ethicam</span> <span class='ocrx_word' id='word_1_63' title='bbox 929 729 1138 794; x_wconf 86' lang='lat' dir='ltr'>partem</span> <span class='ocrx_word' id='word_1_64' title='bbox 1167 725 1538 793; x_wconf 80' lang='lat' dir='ltr'>philosophiae</span> <span class='ocrx_word' id='word_1_65' title='bbox 1566 724 1781 791; x_wconf 81' lang='lat' dir='ltr'>discere,</span> 
     </span>
     <span class='ocr_line' id='line_1_10' title="bbox 94 798 1783 871; baseline -0.003 -17"><span class='ocrx_word' id='word_1_66' title='bbox 94 802 222 871; x_wconf 90' lang='lat' dir='ltr'>quid</span> <span class='ocrx_word' id='word_1_67' title='bbox 269 802 339 854; x_wconf 90' lang='lat' dir='ltr'>sit</span> <span class='ocrx_word' id='word_1_68' title='bbox 377 802 569 854; x_wconf 88' lang='lat' dir='ltr'>uitium</span> <span class='ocrx_word' id='word_1_69' title='bbox 618 801 743 869; x_wconf 89' lang='lat' dir='ltr'>quid</span> <span class='ocrx_word' id='word_1_70' title='bbox 794 801 863 853; x_wconf 90' lang='lat' dir='ltr'>sit</span> <span class='ocrx_word' id='word_1_71' title='bbox 910 801 1096 852; x_wconf 88' lang='lat' dir='ltr'>uirtus.</span> <span class='ocrx_word' id='word_1_72' title='bbox 1248 799 1320 851; x_wconf 79' lang='lat'>45</span> <span class='ocrx_word' id='word_1_73' title='bbox 1370 802 1560 867; x_wconf 87' lang='lat' dir='ltr'>atque</span> <span class='ocrx_word' id='word_1_74' title='bbox 1608 798 1783 849; x_wconf 87' lang='lat' dir='ltr'>inter</span> 
     </span>
     <span class='ocr_line' id='line_1_11' title="bbox 94 872 1848 944; baseline -0.003 -16"><span class='ocrx_word' id='word_1_75' title='bbox 94 876 296 928; x_wconf 89' lang='lat' dir='ltr'>siluas</span> <span class='ocrx_word' id='word_1_76' title='bbox 343 875 407 927; x_wconf 90' lang='lat' dir='ltr'>A.</span> <span class='ocrx_word' id='word_1_77' title='bbox 459 895 506 944; x_wconf 86' lang='lat' dir='ltr'>q.</span> <span class='ocrx_word' id='word_1_78' title='bbox 554 894 603 926; x_wconf 81' lang='lat' dir='ltr'>u,</span> <span class='ocrx_word' id='word_1_79' title='bbox 704 875 838 926; x_wconf 91' lang='lat' dir='ltr'>bene</span> <span class='ocrx_word' id='word_1_80' title='bbox 886 873 1188 925; x_wconf 85' lang='lat' dir='ltr'>Academi</span> <span class='ocrx_word' id='word_1_81' title='bbox 1237 873 1460 941; x_wconf 89' lang='lat' dir='ltr'>siluas,</span> <span class='ocrx_word' id='word_1_82' title='bbox 1523 873 1610 923; x_wconf 89' lang='lat' dir='ltr'>uel</span> <span class='ocrx_word' id='word_1_83' title='bbox 1658 872 1848 939; x_wconf 75' lang='lat' dir='ltr'>quiam</span> 
     </span>
     <span class='ocr_line' id='line_1_12' title="bbox 93 945 1784 1015; baseline -0.004 -13"><span class='ocrx_word' id='word_1_84' title='bbox 93 952 280 1002; x_wconf 90' lang='lat' dir='ltr'>contra</span> <span class='ocrx_word' id='word_1_85' title='bbox 320 950 560 1002; x_wconf 92' lang='lat' dir='ltr'>omnium</span> <span class='ocrx_word' id='word_1_86' title='bbox 593 951 792 1001; x_wconf 86' lang='lat' dir='ltr'>sectam</span> <span class='ocrx_word' id='word_1_87' title='bbox 817 947 1128 1000; x_wconf 88' lang='lat' dir='ltr'>Academici</span> <span class='ocrx_word' id='word_1_88' title='bbox 1153 947 1466 1015; x_wconf 59' lang='lat' dir='ltr'>disputant„</span> <span class='ocrx_word' id='word_1_89' title='bbox 1483 946 1574 1015; x_wconf 87' lang='lat' dir='ltr'>qui</span> <span class='ocrx_word' id='word_1_90' title='bbox 1600 945 1784 996; x_wconf 89' lang='lat' dir='ltr'>dicunt</span> 
     </span>
     <span class='ocr_line' id='line_1_13' title="bbox 91 1019 1783 1090; baseline -0.003 -15"><span class='ocrx_word' id='word_1_91' title='bbox 91 1024 258 1075; x_wconf 90' lang='lat' dir='ltr'>latere</span> <span class='ocrx_word' id='word_1_92' title='bbox 298 1023 580 1075; x_wconf 86' lang='lat' dir='ltr'>ueritatem</span> <span class='ocrx_word' id='word_1_93' title='bbox 622 1026 674 1074; x_wconf 93' lang='lat' dir='ltr'>et</span> <span class='ocrx_word' id='word_1_94' title='bbox 711 1022 830 1074; x_wconf 92' lang='lat' dir='ltr'>ideo</span> <span class='ocrx_word' id='word_1_95' title='bbox 866 1040 1074 1090; x_wconf 84' lang='lat' dir='ltr'>semper</span> <span class='ocrx_word' id='word_1_96' title='bbox 1100 1039 1212 1073; x_wconf 89' lang='lat' dir='ltr'>esse</span> <span class='ocrx_word' id='word_1_97' title='bbox 1240 1020 1600 1089; x_wconf 88' lang='lat' dir='ltr'>quaerendum</span> <span class='ocrx_word' id='word_1_98' title='bbox 1625 1019 1783 1071; x_wconf 88' lang='lat' dir='ltr'>nihil-</span> 
     </span>
     <span class='ocr_line' id='line_1_14' title="bbox 93 1094 1784 1165; baseline -0.003 -16"><span class='ocrx_word' id='word_1_99' title='bbox 93 1115 195 1165; x_wconf 87' lang='lat' dir='ltr'>que</span> <span class='ocrx_word' id='word_1_100' title='bbox 234 1097 322 1149; x_wconf 91' lang='lat' dir='ltr'>bel</span> <span class='ocrx_word' id='word_1_101' title='bbox 360 1097 388 1124; x_wconf 71' lang='lat'>‘³‘</span> <span class='ocrx_word' id='word_1_102' title='bbox 427 1097 469 1149; x_wconf 66' lang='lat'>⁹³⁴.</span> <span class='ocrx_word' id='word_1_103' title='bbox 569 1098 639 1149; x_wconf 84' lang='grc'>46</span> <span class='ocrx_word' id='word_1_104' title='bbox 679 1097 819 1148; x_wconf 88' lang='lat' dir='ltr'>loco</span> <span class='ocrx_word' id='word_1_105' title='bbox 861 1114 952 1147; x_wconf 90' lang='lat' dir='ltr'>me</span> <span class='ocrx_word' id='word_1_106' title='bbox 992 1099 1029 1148; x_wconf 92' lang='lat' dir='ltr'>t.</span> <span class='ocrx_word' id='word_1_107' title='bbox 1093 1095 1379 1163; x_wconf 85' lang='lat' dir='ltr'>excusatiO,</span> <span class='ocrx_word' id='word_1_108' title='bbox 1420 1094 1562 1163; x_wconf 87' lang='lat' dir='ltr'>quod</span> <span class='ocrx_word' id='word_1_109' title='bbox 1595 1095 1784 1146; x_wconf 89' lang='lat' dir='ltr'>contra</span> 
     </span>
     <span class='ocr_line' id='line_1_15' title="bbox 92 1169 1784 1241; baseline -0.002 -19"><span class='ocrx_word' id='word_1_110' title='bbox 92 1171 401 1241; x_wconf 80' lang='lat' dir='ltr'>Augustum</span> <span class='ocrx_word' id='word_1_111' title='bbox 441 1190 538 1239; x_wconf 92' lang='lat' dir='ltr'>pro</span> <span class='ocrx_word' id='word_1_112' title='bbox 580 1170 747 1222; x_wconf 86' lang='lat' dir='ltr'>Bruto</span> <span class='ocrx_word' id='word_1_113' title='bbox 796 1170 1063 1221; x_wconf 87' lang='lat' dir='ltr'>militauit.</span> <span class='ocrx_word' id='word_1_114' title='bbox 1127 1172 1180 1220; x_wconf 91' lang='lat' dir='ltr'>et</span> <span class='ocrx_word' id='word_1_115' title='bbox 1217 1169 1350 1220; x_wconf 89' lang='lat' dir='ltr'>bene</span> <span class='ocrx_word' id='word_1_116' title='bbox 1392 1172 1633 1234; x_wconf 78' lang='lat' dir='ltr'>aestUS,</span> <span class='ocrx_word' id='word_1_117' title='bbox 1672 1185 1784 1219; x_wconf 92' lang='lat' dir='ltr'>non</span> 
     </span>
     <span class='ocr_line' id='line_1_16' title="bbox 98 1240 1850 1312; baseline -0.002 -16"><span class='ocrx_word' id='word_1_118' title='bbox 98 1244 402 1297; x_wconf 74' lang='lat' dir='ltr'>‘uoluntas&#39;.</span> <span class='ocrx_word' id='word_1_119' title='bbox 517 1245 587 1297; x_wconf 81' lang='grc'>48</span> <span class='ocrx_word' id='word_1_120' title='bbox 629 1263 756 1296; x_wconf 84' lang='grc'><strong>11011</strong></span> <span class='ocrx_word' id='word_1_121' title='bbox 802 1262 1191 1312; x_wconf 90' lang='lat' dir='ltr'>responsura</span> <span class='ocrx_word' id='word_1_122' title='bbox 1229 1244 1285 1295; x_wconf 83' lang='lat' dir='ltr'>L:</span> <span class='ocrx_word' id='word_1_123' title='bbox 1325 1243 1551 1311; x_wconf 90' lang='lat' dir='ltr'>inparia.</span> <span class='ocrx_word' id='word_1_124' title='bbox 1627 1240 1783 1292; x_wconf 89' lang='lat' dir='ltr'>Bruti</span> <span class='ocrx_word' id='word_1_125' title='bbox 1809 1255 1850 1288; x_wconf 85' lang='lat'>15</span> 
     </span>
     <span class='ocr_line' id='line_1_17' title="bbox 95 1316 1781 1387; baseline -0.001 -17"><span class='ocrx_word' id='word_1_126' title='bbox 95 1322 276 1371; x_wconf 89' lang='lat' dir='ltr'>autem</span> <span class='ocrx_word' id='word_1_127' title='bbox 316 1337 464 1370; x_wconf 90' lang='lat' dir='ltr'>arma</span> <span class='ocrx_word' id='word_1_128' title='bbox 505 1318 784 1387; x_wconf 82' lang='lat' dir='ltr'>significat.</span> <span class='ocrx_word' id='word_1_129' title='bbox 899 1318 969 1370; x_wconf 79' lang='lat'>49</span> <span class='ocrx_word' id='word_1_130' title='bbox 1010 1336 1101 1369; x_wconf 91' lang='lat' dir='ltr'>me</span> <span class='ocrx_word' id='word_1_131' title='bbox 1144 1317 1440 1369; x_wconf 88' lang='lat' dir='ltr'>dimisere</span> <span class='ocrx_word' id='word_1_132' title='bbox 1479 1316 1781 1383; x_wconf 88' lang='lat' dir='ltr'>Philippi.</span> 
     </span>
     <span class='ocr_line' id='line_1_18' title="bbox 95 1389 1781 1461; baseline -0.002 -16"><span class='ocrx_word' id='word_1_133' title='bbox 95 1393 404 1445; x_wconf 87' lang='lat' dir='ltr'>Thessaliae</span> <span class='ocrx_word' id='word_1_134' title='bbox 445 1393 632 1461; x_wconf 88' lang='lat' dir='ltr'>campi,</span> <span class='ocrx_word' id='word_1_135' title='bbox 672 1393 764 1444; x_wconf 88' lang='lat' dir='ltr'>ubi</span> <span class='ocrx_word' id='word_1_136' title='bbox 804 1392 977 1443; x_wconf 87' lang='lat' dir='ltr'>uictus</span> <span class='ocrx_word' id='word_1_137' title='bbox 1015 1396 1096 1443; x_wconf 82' lang='lat' dir='ltr'>est</span> <span class='ocrx_word' id='word_1_138' title='bbox 1134 1391 1348 1442; x_wconf 70' lang='lat' dir='ltr'>Brutus</span> <span class='ocrx_word' id='word_1_139' title='bbox 1442 1390 1513 1442; x_wconf 84' lang='lat'>50</span> <span class='ocrx_word' id='word_1_140' title='bbox 1547 1389 1781 1442; x_wconf 86' lang='lat' dir='ltr'>decisis</span> 
     </span>
     <span class='ocr_line' id='line_1_19' title="bbox 92 1463 1784 1536; baseline -0.003 -17"><span class='ocrx_word' id='word_1_141' title='bbox 92 1467 145 1519; x_wconf 88' lang='lat' dir='ltr'>h.</span> <span class='ocrx_word' id='word_1_142' title='bbox 198 1487 249 1536; x_wconf 90' lang='lat' dir='ltr'>p.</span> <span class='ocrx_word' id='word_1_143' title='bbox 359 1485 516 1535; x_wconf 89' lang='lat' dir='ltr'>saepe</span> <span class='ocrx_word' id='word_1_144' title='bbox 578 1467 679 1518; x_wconf 87' lang='lat' dir='ltr'>hac</span> <span class='ocrx_word' id='word_1_145' title='bbox 742 1467 1095 1518; x_wconf 87' lang='lat' dir='ltr'>translatione</span> <span class='ocrx_word' id='word_1_146' title='bbox 1157 1465 1325 1516; x_wconf 90' lang='lat' dir='ltr'>utitur</span> <span class='ocrx_word' id='word_1_147' title='bbox 1379 1463 1659 1531; x_wconf 89' lang='lat' dir='ltr'>Horatius,</span> <span class='ocrx_word' id='word_1_148' title='bbox 1723 1467 1784 1514; x_wconf 88' lang='grc'>111</span> 
     </span>
     <span class='ocr_line' id='line_1_20' title="bbox 92 1537 1783 1609; baseline -0.003 -16"><span class='ocrx_word' id='word_1_149' title='bbox 92 1541 371 1594; x_wconf 87' lang='lat' dir='ltr'>Maiores</span> <span class='ocrx_word' id='word_1_150' title='bbox 411 1542 643 1609; x_wconf 88' lang='lat' dir='ltr'>pinnas</span> <span class='ocrx_word' id='word_1_151' title='bbox 682 1540 846 1592; x_wconf 89' lang='lat' dir='ltr'>nido.</span> <span class='ocrx_word' id='word_1_152' title='bbox 911 1540 1178 1608; x_wconf 82' lang='lat' dir='ltr'>significat</span> <span class='ocrx_word' id='word_1_153' title='bbox 1218 1542 1397 1591; x_wconf 87' lang='lat' dir='ltr'>autem</span> <span class='ocrx_word' id='word_1_154' title='bbox 1421 1537 1783 1606; x_wconf 89' lang='lat' dir='ltr'>proscriptum</span> 
     </span>
     <span class='ocr_line' id='line_1_21' title="bbox 93 1613 1849 1682; baseline -0.003 -14"><span class='ocrx_word' id='word_1_155' title='bbox 93 1633 145 1668; x_wconf 81' lang='lat'>86</span> <span class='ocrx_word' id='word_1_156' title='bbox 183 1616 366 1668; x_wconf 85' lang='lat' dir='ltr'>fuisse.</span> <span class='ocrx_word' id='word_1_157' title='bbox 519 1615 586 1667; x_wconf 79' lang='lat'>51</span> <span class='ocrx_word' id='word_1_158' title='bbox 637 1617 987 1682; x_wconf 72' lang='lat' dir='ltr'>paupertas</span> <span class='ocrx_word' id='word_1_159' title='bbox 1046 1614 1167 1681; x_wconf 88' lang='lat' dir='ltr'>inp.</span> <span class='ocrx_word' id='word_1_160' title='bbox 1223 1613 1430 1664; x_wconf 84' lang='lat' dir='ltr'>audax</span> <span class='ocrx_word' id='word_1_161' title='bbox 1484 1615 1538 1664; x_wconf 93' lang='lat' dir='ltr'>et</span> <span class='ocrx_word' id='word_1_162' title='bbox 1591 1614 1780 1664; x_wconf 90' lang='lat' dir='ltr'>cetera.</span> <span class='ocrx_word' id='word_1_163' title='bbox 1806 1627 1849 1658; x_wconf 82' lang='lat'>20</span> 
     </span>
     <span class='ocr_line' id='line_1_22' title="bbox 93 1686 1782 1758; baseline -0.003 -17"><span class='ocrx_word' id='word_1_164' title='bbox 93 1689 347 1758; x_wconf 90' lang='lat' dir='ltr'>carmina,</span> <span class='ocrx_word' id='word_1_165' title='bbox 386 1689 575 1758; x_wconf 85' lang='lat' dir='ltr'>inquit,</span> <span class='ocrx_word' id='word_1_166' title='bbox 617 1707 751 1757; x_wconf 88' lang='lat' dir='ltr'>quae</span> <span class='ocrx_word' id='word_1_167' title='bbox 792 1707 856 1739; x_wconf 87' lang='lat' dir='ltr'>ex</span> <span class='ocrx_word' id='word_1_168' title='bbox 895 1706 979 1740; x_wconf 91' lang='lat' dir='ltr'>me</span> <span class='ocrx_word' id='word_1_169' title='bbox 1016 1687 1236 1755; x_wconf 77' lang='lat' dir='ltr'>expetiS,</span> <span class='ocrx_word' id='word_1_170' title='bbox 1274 1686 1447 1754; x_wconf 84' lang='lat' dir='ltr'>Flore,</span> <span class='ocrx_word' id='word_1_171' title='bbox 1487 1704 1782 1755; x_wconf 87' lang='lat' dir='ltr'>numquam</span> 
     </span>
     <span class='ocr_line' id='line_1_23' title="bbox 96 1760 1784 1833; baseline -0.002 -18"><span class='ocrx_word' id='word_1_172' title='bbox 96 1764 402 1831; x_wconf 75' lang='lat' dir='ltr'>scriberem,</span> <span class='ocrx_word' id='word_1_173' title='bbox 456 1763 562 1815; x_wconf 91' lang='lat' dir='ltr'>nisi</span> <span class='ocrx_word' id='word_1_174' title='bbox 620 1760 714 1833; x_wconf 83' lang='lat' dir='ltr'>[et]</span> <span class='ocrx_word' id='word_1_175' title='bbox 757 1765 993 1832; x_wconf 83' lang='lat' dir='ltr'>egestate</span> <span class='ocrx_word' id='word_1_176' title='bbox 1050 1762 1339 1830; x_wconf 89' lang='lat' dir='ltr'>conpulsus</span> <span class='ocrx_word' id='word_1_177' title='bbox 1380 1778 1566 1812; x_wconf 93' lang='lat' dir='ltr'>essem.</span> <span class='ocrx_word' id='word_1_178' title='bbox 1641 1777 1784 1811; x_wconf 89' lang='lat' dir='ltr'>nunc</span> 
     </span>
     <span class='ocr_line' id='line_1_24' title="bbox 94 1835 1784 1907; baseline -0.002 -18"><span class='ocrx_word' id='word_1_179' title='bbox 94 1838 303 1907; x_wconf 85' lang='lat' dir='ltr'>itaque,</span> <span class='ocrx_word' id='word_1_180' title='bbox 348 1840 637 1906; x_wconf 87' lang='lat' dir='ltr'>postquam</span> <span class='ocrx_word' id='word_1_181' title='bbox 681 1837 855 1888; x_wconf 89' lang='lat' dir='ltr'>habeo</span> <span class='ocrx_word' id='word_1_182' title='bbox 907 1835 1049 1904; x_wconf 86' lang='lat' dir='ltr'>quod</span> <span class='ocrx_word' id='word_1_183' title='bbox 1088 1835 1220 1887; x_wconf 91' lang='lat' dir='ltr'>mihi</span> <span class='ocrx_word' id='word_1_184' title='bbox 1269 1836 1398 1887; x_wconf 90' lang='lat' dir='ltr'>satis</span> <span class='ocrx_word' id='word_1_185' title='bbox 1449 1836 1540 1902; x_wconf 90' lang='lat' dir='ltr'>sit,</span> <span class='ocrx_word' id='word_1_186' title='bbox 1590 1835 1634 1885; x_wconf 92' lang='lat' dir='ltr'>si</span> <span class='ocrx_word' id='word_1_187' title='bbox 1672 1852 1784 1885; x_wconf 92' lang='lat' dir='ltr'>non</span> 
     </span>
     <span class='ocr_line' id='line_1_25' title="bbox 93 1909 1782 1980; baseline -0.003 -16"><span class='ocrx_word' id='word_1_188' title='bbox 93 1930 366 1980; x_wconf 87' lang='lat' dir='ltr'>praepono</span> <span class='ocrx_word' id='word_1_189' title='bbox 408 1930 657 1964; x_wconf 91' lang='lat' dir='ltr'>somnum</span> <span class='ocrx_word' id='word_1_190' title='bbox 695 1911 940 1962; x_wconf 88' lang='lat' dir='ltr'>uersibus</span> <span class='ocrx_word' id='word_1_191' title='bbox 953 1952 966 1978; x_wconf 97' lang='lat'>,</span> <span class='ocrx_word' id='word_1_192' title='bbox 1004 1910 1216 1961; x_wconf 91' lang='lat' dir='ltr'>insanio</span> <span class='ocrx_word' id='word_1_193' title='bbox 1265 1911 1320 1960; x_wconf 92' lang='lat' dir='ltr'>et</span> <span class='ocrx_word' id='word_1_194' title='bbox 1357 1909 1505 1960; x_wconf 91' lang='lat' dir='ltr'>nullo</span> <span class='ocrx_word' id='word_1_195' title='bbox 1548 1909 1782 1960; x_wconf 87' lang='lat' dir='ltr'>elleboro</span> 
     </span>
     <span class='ocr_line' id='line_1_26' title="bbox 95 1981 1850 2053; baseline -0.003 -16"><span class='ocrx_word' id='word_1_196' title='bbox 95 1986 270 2037; x_wconf 85' lang='lat' dir='ltr'>curari</span> <span class='ocrx_word' id='word_1_197' title='bbox 323 2003 558 2053; x_wconf 90' lang='lat' dir='ltr'>possum.</span> <span class='ocrx_word' id='word_1_198' title='bbox 711 1984 781 2036; x_wconf 77' lang='lat'>52</span> <span class='ocrx_word' id='word_1_199' title='bbox 831 1984 997 2053; x_wconf 86' lang='lat' dir='ltr'>quod</span> <span class='ocrx_word' id='word_1_200' title='bbox 1044 2002 1172 2035; x_wconf 91' lang='lat' dir='ltr'>non</span> <span class='ocrx_word' id='word_1_201' title='bbox 1220 1982 1410 2034; x_wconf 86' lang='lat' dir='ltr'>desit:</span> <span class='ocrx_word' id='word_1_202' title='bbox 1462 1981 1603 2050; x_wconf 88' lang='lat' dir='ltr'>quod</span> <span class='ocrx_word' id='word_1_203' title='bbox 1651 1982 1780 2033; x_wconf 84' lang='lat' dir='ltr'>satis</span> <span class='ocrx_word' id='word_1_204' title='bbox 1807 1995 1850 2028; x_wconf 82' lang='lat'>25</span> 
     </span>
     <span class='ocr_line' id='line_1_27' title="bbox 96 2055 1782 2127; baseline -0.003 -16"><span class='ocrx_word' id='word_1_205' title='bbox 96 2060 181 2112; x_wconf 89' lang='lat' dir='ltr'>sit.</span> <span class='ocrx_word' id='word_1_206' title='bbox 321 2059 390 2111; x_wconf 80' lang='lat'>53</span> <span class='ocrx_word' id='word_1_207' title='bbox 432 2077 587 2127; x_wconf 82' lang='lat' dir='ltr'>quae</span> <span class='ocrx_word' id='word_1_208' title='bbox 627 2060 936 2126; x_wconf 88' lang='lat' dir='ltr'>poterunt</span> <span class='ocrx_word' id='word_1_209' title='bbox 974 2076 1023 2109; x_wconf 91' lang='grc'>11.</span> <span class='ocrx_word' id='word_1_210' title='bbox 1065 2076 1105 2108; x_wconf 78' lang='lat' dir='ltr'>s,</span> <span class='ocrx_word' id='word_1_211' title='bbox 1145 2075 1186 2108; x_wconf 93' lang='lat' dir='ltr'>e.</span> <span class='ocrx_word' id='word_1_212' title='bbox 1251 2057 1392 2124; x_wconf 84' lang='lat' dir='ltr'>quod</span> <span class='ocrx_word' id='word_1_213' title='bbox 1431 2056 1662 2124; x_wconf 88' lang='lat' dir='ltr'>tandem,</span> <span class='ocrx_word' id='word_1_214' title='bbox 1701 2055 1782 2106; x_wconf 91' lang='lat' dir='ltr'>in-</span> 
     </span>
     <span class='ocr_line' id='line_1_28' title="bbox 96 2129 1782 2202; baseline -0.003 -17"><span class='ocrx_word' id='word_1_215' title='bbox 96 2134 228 2202; x_wconf 86' lang='lat' dir='ltr'>quit,</span> <span class='ocrx_word' id='word_1_216' title='bbox 266 2133 600 2185; x_wconf 86' lang='lat' dir='ltr'>helleborum</span> <span class='ocrx_word' id='word_1_217' title='bbox 642 2132 771 2184; x_wconf 79' lang='lat' dir='ltr'>satis</span> <span class='ocrx_word' id='word_1_218' title='bbox 813 2132 927 2199; x_wconf 89' lang='lat' dir='ltr'>erit,</span> <span class='ocrx_word' id='word_1_219' title='bbox 966 2134 1028 2183; x_wconf 88' lang='lat' dir='ltr'>ut</span> <span class='ocrx_word' id='word_1_220' title='bbox 1066 2133 1326 2199; x_wconf 74' lang='lat' dir='ltr'>expurget</span> <span class='ocrx_word' id='word_1_221' title='bbox 1363 2129 1631 2182; x_wconf 90' lang='lat' dir='ltr'>insaniam</span> <span class='ocrx_word' id='word_1_222' title='bbox 1658 2129 1782 2181; x_wconf 89' lang='lat' dir='ltr'>sim-</span> 
     </span>
    </p>
   </div>
   <div class='ocr_carea' id='block_1_3' title="bbox 18 2203 1784 2276">
    <p class='ocr_par' dir='ltr' id='par_1_3' title="bbox 18 2203 1784 2276">
     <span class='ocr_line' id='line_1_29' title="bbox 18 2203 1784 2276; baseline -0.002 -17"><span class='ocrx_word' id='word_1_223' title='bbox 18 2244 23 2249; x_wconf 87' lang='lat'>·</span> <span class='ocrx_word' id='word_1_224' title='bbox 96 2226 199 2276; x_wconf 86' lang='lat' dir='ltr'>que</span> <span class='ocrx_word' id='word_1_225' title='bbox 238 2208 346 2259; x_wconf 87' lang='lat' dir='ltr'>iam</span> <span class='ocrx_word' id='word_1_226' title='bbox 386 2225 560 2260; x_wconf 72' lang='lat' dir='ltr'>sanus</span> <span class='ocrx_word' id='word_1_227' title='bbox 616 2207 844 2258; x_wconf 89' lang='lat' dir='ltr'>cicutam</span> <span class='ocrx_word' id='word_1_228' title='bbox 884 2208 1062 2257; x_wconf 89' lang='lat' dir='ltr'>autem</span> <span class='ocrx_word' id='word_1_229' title='bbox 1100 2223 1197 2273; x_wconf 92' lang='lat' dir='ltr'>pro</span> <span class='ocrx_word' id='word_1_230' title='bbox 1233 2205 1465 2256; x_wconf 90' lang='lat' dir='ltr'>elleboro</span> <span class='ocrx_word' id='word_1_231' title='bbox 1491 2204 1685 2272; x_wconf 78' lang='lat' dir='ltr'>posuit,</span> <span class='ocrx_word' id='word_1_232' title='bbox 1725 2203 1784 2255; x_wconf 87' lang='lat' dir='ltr'>ni</span> 
     </span>
    </p>
   </div>
   <div class='ocr_carea' id='block_1_4' title="bbox 96 2278 1851 2422">
    <p class='ocr_par' dir='ltr' id='par_1_4' title="bbox 96 2278 1851 2422">
     <span class='ocr_line' id='line_1_30' title="bbox 96 2278 1783 2350; baseline -0.003 -16"><span class='ocrx_word' id='word_1_233' title='bbox 96 2300 217 2350; x_wconf 89' lang='lat' dir='ltr'>pro:</span> <span class='ocrx_word' id='word_1_234' title='bbox 260 2282 304 2333; x_wconf 91' lang='lat' dir='ltr'>si</span> <span class='ocrx_word' id='word_1_235' title='bbox 341 2299 462 2334; x_wconf 90' lang='lat' dir='ltr'>non.</span> <span class='ocrx_word' id='word_1_236' title='bbox 601 2281 672 2333; x_wconf 78' lang='lat'>54</span> <span class='ocrx_word' id='word_1_237' title='bbox 717 2280 781 2331; x_wconf 91' lang='lat' dir='ltr'>ni</span> <span class='ocrx_word' id='word_1_238' title='bbox 821 2280 1050 2332; x_wconf 86' lang='lat' dir='ltr'>melius</span> <span class='ocrx_word' id='word_1_239' title='bbox 1093 2278 1382 2331; x_wconf 87' lang='lat' dir='ltr'>dormire.</span> <span class='ocrx_word' id='word_1_240' title='bbox 1459 2278 1671 2347; x_wconf 79' lang='lat' dir='ltr'>legunt:</span> <span class='ocrx_word' id='word_1_241' title='bbox 1712 2295 1783 2329; x_wconf 71' lang='lat' dir='ltr'>ue</span> 
     </span>
     <span class='ocr_line' id='line_1_31' title="bbox 97 2351 1851 2422; baseline -0.001 -16"><span class='ocrx_word' id='word_1_242' title='bbox 97 2355 338 2408; x_wconf 74' lang='lat' dir='ltr'>melius</span> <span class='ocrx_word' id='word_1_243' title='bbox 418 2356 511 2408; x_wconf 91' lang='lat' dir='ltr'>sed</span> <span class='ocrx_word' id='word_1_244' title='bbox 549 2356 615 2407; x_wconf 93' lang='lat' dir='ltr'>ni</span> <span class='ocrx_word' id='word_1_245' title='bbox 653 2373 840 2406; x_wconf 91' lang='lat' dir='ltr'>uerum</span> <span class='ocrx_word' id='word_1_246' title='bbox 879 2356 975 2406; x_wconf 87' lang='lat' dir='ltr'>est.</span> <span class='ocrx_word' id='word_1_247' title='bbox 1074 2353 1146 2405; x_wconf 79' lang='lat'>55</span> <span class='ocrx_word' id='word_1_248' title='bbox 1187 2352 1445 2422; x_wconf 80' lang='lat' dir='ltr'>singula</span> <span class='ocrx_word' id='word_1_249' title='bbox 1485 2352 1555 2403; x_wconf 91' lang='lat' dir='ltr'>de</span> <span class='ocrx_word' id='word_1_250' title='bbox 1594 2351 1782 2404; x_wconf 88' lang='lat' dir='ltr'>nobis</span> <span class='ocrx_word' id='word_1_251' title='bbox 1808 2366 1851 2399; x_wconf 84' lang='lat'>30</span> 
     </span>
    </p>
   </div>
   <div class='ocr_carea' id='block_1_5' title="bbox 220 2503 610 2557">
    <p class='ocr_par' dir='ltr' id='par_1_5' title="bbox 220 2503 610 2557">
     <span class='ocr_line' id='line_1_32' title="bbox 220 2503 610 2557; baseline -0.003 -12"><span class='ocrx_word' id='word_1_252' title='bbox 220 2508 272 2546; x_wconf 83' lang='lat'>19</span> <span class='ocrx_word' id='word_1_253' title='bbox 305 2503 342 2545; x_wconf 88' lang='grc' dir='ltr'>Ε</span> <span class='ocrx_word' id='word_1_254' title='bbox 379 2509 417 2555; x_wconf 88' lang='grc'>1,</span> <span class='ocrx_word' id='word_1_255' title='bbox 452 2507 521 2557; x_wconf 80' lang='lat'>20,</span> <span class='ocrx_word' id='word_1_256' title='bbox 557 2507 610 2545; x_wconf 79' lang='lat'>21</span> 
     </span>
    </p>
   </div>
   <div class='ocr_carea' id='block_1_6' title="bbox 98 2631 1787 2809">
    <p class='ocr_par' dir='ltr' id='par_1_6' title="bbox 98 2631 1787 2809">
     <span class='ocr_line' id='line_1_33' title="bbox 220 2631 1787 2688; baseline -0.003 -10"><span class='ocrx_word' id='word_1_257' title='bbox 220 2641 242 2678; x_wconf 84' lang='lat'>1</span> <span class='ocrx_word' id='word_1_258' title='bbox 277 2648 351 2679; x_wconf 89' lang='lat' dir='ltr'>ac:</span> <span class='ocrx_word' id='word_1_259' title='bbox 385 2649 413 2678; x_wconf 89' lang='lat' dir='ltr'>a</span> <span class='ocrx_word' id='word_1_260' title='bbox 447 2635 509 2678; x_wconf 89' lang='lat' dir='ltr'><em>M</em></span> <span class='ocrx_word' id='word_1_261' title='bbox 603 2640 628 2678; x_wconf 87' lang='lat'><strong>3</strong></span> <span class='ocrx_word' id='word_1_262' title='bbox 662 2632 904 2677; x_wconf 87' lang='lat' dir='ltr'>iracundia</span> <span class='ocrx_word' id='word_1_263' title='bbox 937 2633 1165 2688; x_wconf 83' lang='lat' dir='ltr'>quantum</span> <span class='ocrx_word' id='word_1_264' title='bbox 1191 2648 1218 2687; x_wconf 85' lang='grc' dir='ltr'><strong>ς</strong></span> <span class='ocrx_word' id='word_1_265' title='bbox 1252 2631 1463 2675; x_wconf 85' lang='lat' dir='ltr'>omnibus</span> <span class='ocrx_word' id='word_1_266' title='bbox 1495 2645 1549 2675; x_wconf 69' lang='lat' dir='ltr'>ex</span> <span class='ocrx_word' id='word_1_267' title='bbox 1580 2632 1641 2674; x_wconf 75' lang='lat' dir='ltr'>iis</span> <span class='ocrx_word' id='word_1_268' title='bbox 1671 2644 1787 2686; x_wconf 71' lang='lat' dir='ltr'>quae</span> 
     </span>
     <span class='ocr_line' id='line_1_34' title="bbox 98 2690 1785 2749; baseline -0.002 -13"><span class='ocrx_word' id='word_1_269' title='bbox 98 2698 350 2749; x_wconf 70' lang='lat' dir='ltr'>sequuntur</span> <span class='ocrx_word' id='word_1_270' title='bbox 380 2695 561 2749; x_wconf 78' lang='lat' dir='ltr'>illatum</span> <span class='ocrx_word' id='word_1_271' title='bbox 592 2695 777 2737; x_wconf 76' lang='lat' dir='ltr'>uidetur</span> <span class='ocrx_word' id='word_1_272' title='bbox 868 2697 896 2735; x_wconf 82' lang='lat'>4</span> <span class='ocrx_word' id='word_1_273' title='bbox 926 2691 1083 2748; x_wconf 79' lang='lat' dir='ltr'>figura</span> <span class='ocrx_word' id='word_1_274' title='bbox 1116 2691 1178 2734; x_wconf 89' lang='lat' dir='ltr'><em>M</em></span> <span class='ocrx_word' id='word_1_275' title='bbox 1265 2697 1290 2735; x_wconf 83' lang='lat'>6</span> <span class='ocrx_word' id='word_1_276' title='bbox 1324 2690 1439 2734; x_wconf 89' lang='lat' dir='ltr'>dicit</span> <span class='ocrx_word' id='word_1_277' title='bbox 1470 2704 1518 2734; x_wconf 83' lang='lat' dir='ltr'>se</span> <span class='ocrx_word' id='word_1_278' title='bbox 1550 2690 1785 2734; x_wconf 74' lang='lat' dir='ltr'>Hauthal:</span> 
     </span>
     <span class='ocr_line' id='line_1_35' title="bbox 99 2749 1715 2809; baseline -0.002 -13"><span class='ocrx_word' id='word_1_279' title='bbox 99 2752 256 2796; x_wconf 77' lang='lat' dir='ltr'>dicitis</span> <span class='ocrx_word' id='word_1_280' title='bbox 290 2753 327 2796; x_wconf 68' lang='lat' dir='ltr'>Sc</span> <span class='ocrx_word' id='word_1_281' title='bbox 361 2753 424 2795; x_wconf 90' lang='lat' dir='ltr'><em>M</em></span> <span class='ocrx_word' id='word_1_282' title='bbox 539 2752 821 2809; x_wconf 76' lang='lat' dir='ltr'>philosopho</span> <span class='ocrx_word' id='word_1_283' title='bbox 857 2752 919 2794; x_wconf 87' lang='lat' dir='ltr'><em>M</em></span> <span class='ocrx_word' id='word_1_284' title='bbox 1039 2755 1091 2794; x_wconf 89' lang='grc'>10</span> <span class='ocrx_word' id='word_1_285' title='bbox 1123 2751 1241 2794; x_wconf 89' lang='lat' dir='ltr'>bene</span> <span class='ocrx_word' id='word_1_286' title='bbox 1275 2764 1371 2793; x_wconf 85' lang='lat' dir='ltr'>aca.</span> <span class='ocrx_word' id='word_1_287' title='bbox 1405 2750 1448 2793; x_wconf 87' lang='lat' dir='ltr'>d.</span> <span class='ocrx_word' id='word_1_288' title='bbox 1483 2765 1516 2793; x_wconf 92' lang='lat' dir='ltr'>s.</span> <span class='ocrx_word' id='word_1_289' title='bbox 1543 2749 1619 2793; x_wconf 92' lang='lat' dir='ltr'>uel</span> <span class='ocrx_word' id='word_1_290' title='bbox 1652 2749 1715 2792; x_wconf 88' lang='lat' dir='ltr'><em>M</em></span> 
     </span>
    </p>
   </div>
   <div class='ocr_carea' id='block_1_7' title="bbox 97 2808 1788 2984">
    <p class='ocr_par' dir='ltr' id='par_1_7' title="bbox 97 2808 1788 2984">
     <span class='ocr_line' id='line_1_36' title="bbox 102 2808 1788 2866; baseline -0.002 -11"><span class='ocrx_word' id='word_1_291' title='bbox 102 2816 156 2855; x_wconf 88' lang='lat'>13</span> <span class='ocrx_word' id='word_1_292' title='bbox 188 2812 296 2855; x_wconf 77' lang='lat' dir='ltr'>haec</span> <span class='ocrx_word' id='word_1_293' title='bbox 325 2826 430 2855; x_wconf 71' lang='lat' dir='ltr'>nos:</span> <span class='ocrx_word' id='word_1_294' title='bbox 461 2812 584 2856; x_wconf 88' lang='lat' dir='ltr'>bello</span> <span class='ocrx_word' id='word_1_295' title='bbox 618 2813 754 2855; x_wconf 83' lang='lat' dir='ltr'>comt.</span> <span class='ocrx_word' id='word_1_296' title='bbox 790 2811 853 2854; x_wconf 86' lang='lat' dir='ltr'><em>M</em></span> <span class='ocrx_word' id='word_1_297' title='bbox 1018 2814 1071 2853; x_wconf 83' lang='lat'>15</span> <span class='ocrx_word' id='word_1_298' title='bbox 1103 2823 1377 2866; x_wconf 82' lang='lat' dir='ltr'>responsum</span> <span class='ocrx_word' id='word_1_299' title='bbox 1411 2809 1474 2852; x_wconf 92' lang='lat' dir='ltr'><em>M</em></span> <span class='ocrx_word' id='word_1_300' title='bbox 1634 2813 1687 2854; x_wconf 87' lang='grc'>16</span> <span class='ocrx_word' id='word_1_301' title='bbox 1721 2808 1788 2851; x_wconf 89' lang='lat' dir='ltr'>du</span> 
     </span>
     <span class='ocr_line' id='line_1_37' title="bbox 98 2868 1784 2926; baseline -0.002 -12"><span class='ocrx_word' id='word_1_302' title='bbox 98 2885 265 2915; x_wconf 83' lang='lat' dir='ltr'>nnsere</span> <span class='ocrx_word' id='word_1_303' title='bbox 285 2872 348 2914; x_wconf 93' lang='lat' dir='ltr'><em>M</em></span> <span class='ocrx_word' id='word_1_304' title='bbox 453 2877 505 2916; x_wconf 84' lang='lat'>19</span> <span class='ocrx_word' id='word_1_305' title='bbox 538 2870 672 2915; x_wconf 77' lang='lat' dir='ltr'>nidos</span> <span class='ocrx_word' id='word_1_306' title='bbox 705 2870 857 2926; x_wconf 73' lang='lat' dir='ltr'>Signis.</span> <span class='ocrx_word' id='word_1_307' title='bbox 879 2870 942 2912; x_wconf 93' lang='lat' dir='ltr'><em>M</em></span> <span class='ocrx_word' id='word_1_308' title='bbox 1045 2874 1099 2912; x_wconf 81' lang='lat'>29</span> <span class='ocrx_word' id='word_1_309' title='bbox 1124 2870 1211 2913; x_wconf 76' lang='lat' dir='ltr'>sch.</span> <span class='ocrx_word' id='word_1_310' title='bbox 1237 2883 1283 2912; x_wconf 74' lang='lat' dir='ltr'>u.</span> <span class='ocrx_word' id='word_1_311' title='bbox 1317 2872 1375 2912; x_wconf 76' lang='lat'>54</span> <span class='ocrx_word' id='word_1_312' title='bbox 1398 2871 1506 2923; x_wconf 74' lang='lat' dir='ltr'>post</span> <span class='ocrx_word' id='word_1_313' title='bbox 1528 2868 1616 2911; x_wconf 79' lang='lat' dir='ltr'>sch.</span> <span class='ocrx_word' id='word_1_314' title='bbox 1648 2882 1695 2911; x_wconf 76' lang='lat' dir='ltr'>u.</span> <span class='ocrx_word' id='word_1_315' title='bbox 1729 2871 1784 2912; x_wconf 90' lang='lat'>51</span> 
     </span>
     <span class='ocr_line' id='line_1_38' title="bbox 97 2928 1671 2984; baseline -0.001 -12"><span class='ocrx_word' id='word_1_316' title='bbox 97 2930 152 2972; x_wconf 78' lang='lat' dir='ltr'>i‘n</span> <span class='ocrx_word' id='word_1_317' title='bbox 184 2931 248 2973; x_wconf 91' lang='lat' dir='ltr'><em>M</em></span> <span class='ocrx_word' id='word_1_318' title='bbox 386 2936 441 2974; x_wconf 80' lang='lat'>29</span> <span class='ocrx_word' id='word_1_319' title='bbox 475 2944 532 2975; x_wconf 90' lang='lat' dir='ltr'>ne</span> <span class='ocrx_word' id='word_1_320' title='bbox 565 2930 729 2974; x_wconf 70' lang='lat' dir='ltr'>addidi</span> <span class='ocrx_word' id='word_1_321' title='bbox 760 2933 800 2973; x_wconf 80' lang='lat' dir='ltr'>et</span> <span class='ocrx_word' id='word_1_322' title='bbox 832 2928 912 2973; x_wconf 86' lang='lat' dir='ltr'>sed</span> <span class='ocrx_word' id='word_1_323' title='bbox 944 2941 1266 2984; x_wconf 81' lang='lat' dir='ltr'>uniuersumq:</span> <span class='ocrx_word' id='word_1_324' title='bbox 1299 2929 1370 2971; x_wconf 86' lang='lat' dir='ltr'>est</span> <span class='ocrx_word' id='word_1_325' title='bbox 1404 2928 1466 2970; x_wconf 88' lang='lat' dir='ltr'><em>M</em></span> <span class='ocrx_word' id='word_1_326' title='bbox 1493 2928 1671 2971; x_wconf 72' lang='lat' dir='ltr'>correxi</span> 
     </span>
    </p>
   </div>
   <div class='ocr_carea' id='block_1_8' title="bbox 99 2989 495 3046">
    <p class='ocr_par' dir='ltr' id='par_1_8' title="bbox 99 2989 495 3046">
     <span class='ocr_line' id='line_1_39' title="bbox 99 2989 495 3046; baseline 0.003 -14"><span class='ocrx_word' id='word_1_327' title='bbox 99 2993 158 3033; x_wconf 87' lang='lat'>30</span> <span class='ocrx_word' id='word_1_328' title='bbox 190 2989 398 3046; x_wconf 76' lang='lat' dir='ltr'>Singulae</span> <span class='ocrx_word' id='word_1_329' title='bbox 433 2990 495 3033; x_wconf 91' lang='lat' dir='ltr'><em>M</em></span> 
     </span>
    </p>
   </div>
  </div>
 </body>
</html>
