1939 3197
151 103 219 154 70
759 104 880 149 ODE
911 105 967 160 11,
1004 110 1057 148 17
1091 106 1139 149 et
1172 110 1239 150 18.

150 238 344 292 occidit
369 242 549 291 autem
576 242 767 292 octauo
795 240 999 292 decimo
1039 239 1297 293 kalendas
1322 240 1661 311 FebruariaS,
1701 243 1844 311 quod

147 316 362 382 tempus
410 313 468 365 in
514 314 687 366 undas
731 314 884 382 quasi
925 314 1233 367 dominatur
1271 315 1327 367 id
1367 318 1448 368 est
1489 316 1674 368 saeuit.
1753 317 1846 369 sed

148 386 501 456 Hesperiae
557 388 764 439 undae
823 388 1022 456 quare?
1077 389 1182 441 nisi
1234 389 1375 442 forte
1430 391 1549 442 uult
1602 390 1846 460 intellegi

153 479 404 514 occasum
430 462 571 530 signi
595 461 754 513 huius
783 462 957 531 magis
992 463 1197 515 saeuire
1228 464 1640 533 tempestatibus
1683 482 1845 533 quam

106 546 127 579 5
154 538 353 602 ortum,
410 538 472 587 ut
524 553 621 603 per
673 534 993 606 Hesperiam
1046 537 1248 590 undam
1303 538 1582 590 occiduam
1635 541 1845 607 partem

152 608 352 661 Oceani
392 612 446 661 et
485 627 549 661 ex
588 628 651 662 ea
692 628 941 663 occasum
981 612 1113 663 astri
1150 612 1310 663 huius
1350 611 1743 681 intellegamus.

150 683 221 734 22
283 685 344 734 te
406 682 581 736 Iouis
644 684 838 753 impio
901 687 1107 738 tutela
1167 684 1446 738 Saturno
1508 686 1844 755 refulgens

150 757 406 825 eripuit.
506 759 659 810 aiunt
699 757 918 811 Saturni
966 761 1176 812 stellam
1223 760 1478 812 infestam
1518 778 1632 812 esse
1672 760 1842 813 homi-

147 831 323 900 nibuS,
361 830 508 884 Iouis
549 834 728 885 autem
770 852 796 885 e
838 836 1107 887 contrario
1143 834 1564 901 saluberrimam,
1607 832 1841 888 Saturno

81 918 123 949 10
146 905 384 973 pericula
424 906 621 958 adferri
661 925 827 976 eaque
867 911 1052 960 tamen
1091 909 1266 960 euinci
1307 909 1352 960 si
1386 908 1657 977 perfulget
1695 907 1842 960 Iouis

148 980 316 1032 stella.
413 999 508 1048 per
561 981 693 1033 haec
749 999 876 1051 ergo
934 982 1227 1052 significat,
1280 982 1531 1051 periculis
1588 982 1844 1034 aduersae

145 1054 460 1106 ualitudinis
500 1073 673 1124 nuper
696 1055 1067 1108 Maecenatem
1105 1057 1406 1125 liberatum,
1447 1074 1568 1108 cum
1609 1056 1677 1108 ob
1701 1056 1844 1108 hanc

146 1128 564 1197 gratulationem
612 1131 845 1199 populus
895 1131 943 1182 ei
989 1131 1047 1182 in
1097 1130 1310 1183 theatro
1362 1132 1613 1199 plausum
1665 1130 1845 1199 edidit,
1935 1179 1939 1182 .

145 1202 438 1271 eodemque
473 1203 718 1256 similiter
742 1207 984 1273 tempore
1012 1209 1064 1256 et
1090 1223 1144 1257 se
1168 1205 1533 1272 periclitatum
1557 1204 1842 1273 repentino

79 1290 120 1321 15
146 1276 353 1328 arboris
406 1294 555 1346 caSU,
606 1277 669 1329 de
722 1297 826 1345 quo
881 1297 1044 1347 supra
1088 1280 1302 1331 locutus
1351 1282 1446 1330 est.
1545 1279 1622 1330 ita
1662 1281 1844 1330 autem

144 1349 285 1402 idem
340 1351 544 1419 attulit,
592 1354 658 1402 ‘ut
706 1352 841 1404 illud
892 1353 1168 1421 probaret,
1225 1352 1367 1420 quod
1420 1370 1581 1421 supra
1636 1352 1843 1404 dixerat

143 1427 483 1493 utrumque
535 1429 830 1477 nostrum
869 1426 1248 1479 incredibili
1288 1426 1471 1479 modo
1514 1426 1844 1479 consentit

124 1501 403 1550 astrum.

837 1571 956 1615 ODE
992 1577 1138 1626 2,18.

77 1677 121 1709 20
294 1659 436 1713 Non
470 1662 624 1714 ebur
654 1680 855 1731 neque
896 1681 1154 1714 aureum
1193 1680 1327 1714 mea
1365 1663 1520 1714 reni
1582 1663 1647 1713 in
1679 1662 1726 1714 d
1766 1663 1841 1714 la.

142 1734 275 1786 haec
316 1729 431 1807 ᾠδὴ
472 1736 530 1788 111
570 1737 960 1789 continentiam
993 1736 1258 1803 scribitur,
1297 1755 1392 1805 per
1425 1755 1587 1804 quam
1617 1754 1842 1805 pauper-

143 1811 312 1860 tatem
353 1827 504 1861 suam
545 1811 794 1863 omnibus
836 1811 1035 1862 diuitiis
1084 1810 1333 1880 praefert.
1502 1811 1536 1862 2
1586 1810 1841 1862 renidet

145 1882 443 1949 [redinet]
503 1883 713 1954 fulget'
770 1885 1052 1954 significat.
1184 1886 1216 1936 3
1265 1903 1393 1937 non
1441 1884 1659 1936 trabes
1710 1884 1841 1952 Hy-

142 1957 416 2009 mettiae.
526 1959 743 2011 trabes
791 1959 1166 2027 Hymettiae
1217 1961 1298 2024 [n]
1364 1977 1599 2010 marmor
1647 1957 1841 2009 Achai-

78 2047 120 2079 25
147 2048 267 2082 cum
314 2031 462 2100 dicit,
511 2033 654 2100 quod
701 2033 939 2085 caeditur
985 2033 1043 2084 in
1089 2032 1352 2101 Hymetto
1404 2035 1587 2084 monte
1627 2031 1840 2083 Atticae

146 2105 398 2173 regionis.
543 2107 580 2158 4
618 2110 914 2175 premunt
954 2108 1286 2160 columnas
1327 2126 1376 2158 11.
1417 2124 1456 2158 r.
1498 2105 1562 2157 A.
1638 2105 1694 2157 id
1735 2108 1839 2158 est:

147 2177 461 2232 Numidicas
492 2182 793 2250 columnas,
833 2180 1091 2233 Numidia
1130 2183 1310 2233 autem
1341 2179 1559 2232 Africae
1595 2198 1720 2248 pars
1761 2181 1842 2231 est

147 2252 386 2305 interior.
501 2254 534 2306 5
574 2272 776 2324 neque
816 2255 1028 2307 Attali
1066 2255 1335 2324 ignotus
1375 2254 1558 2305 heres
1599 2253 1840 2322 regiam

80 2364 83 2367 r
149 2327 471 2393 occupaui.
527 2327 746 2380 Attalus
785 2347 878 2380 rex
901 2328 1064 2381 Asiae
1103 2329 1348 2397 Peryami
1385 2327 1651 2396 regnauit,
1690 2327 1840 2378 cuius

80 2417 125 2450 30
149 2399 502 2452 hereditatem
547 2403 777 2470 populus
822 2402 1099 2455 Romanus
1147 2403 1302 2470 cepit.
1394 2400 1618 2452 dicendo
1660 2402 1839 2452 autem

146 2473 330 2526 heres
372 2477 425 2526 et
457 2477 766 2543 occupaui
799 2476 1158 2544 suspicionem
1183 2476 1291 2543 dat,
1330 2493 1435 2543 qua
1460 2474 1840 2540 existimemus,

143 2546 281 2599 falso
321 2550 647 2601 testamento
687 2549 964 2602 Romanos
1004 2550 1146 2602 hanc
1186 2549 1288 2601 sibi
1326 2548 1680 2600 hereditatem
1718 2548 1834 2599 uin-

144 2620 363 2674 dicasse.
518 2624 546 2674 7
611 2641 725 2676 nec
780 2623 1131 2678 Laconicas
1194 2623 1351 2674 mihi
1404 2621 1677 2674 trahunt
1730 2621 1839 2674 ho-

142 2698 364 2748 nestae
403 2715 453 2764 p.
495 2714 536 2748 c.
598 2697 700 2750 hoc
732 2698 825 2750 illo
865 2698 1112 2767 pertinet,
1152 2697 1309 2765 quod,
1341 2698 1644 2765 praetextas
1676 2698 1834 2764 togas

1926 2785 1939 2837 ’,ε

266 2846 286 2884 1
323 2841 613 2886 faebruarias
640 2843 703 2885 M
790 2848 818 2886 4
841 2843 914 2886 h1s
939 2857 1091 2898 magis
1118 2843 1180 2885 M
1272 2848 1323 2886 13
1349 2841 1626 2898 populosein
1648 2839 1836 2884 theatro
1921 2843 1939 2902 {r}

147 2898 211 2941 M
330 2906 382 2944 15
415 2901 464 2945 id
497 2903 654 2945 autem
685 2901 850 2945 ideo?
928 2907 982 2945 22
1018 2902 1146 2946 ditus
1181 2902 1244 2944 M
1353 2902 1442 2944 sch.
1474 2915 1520 2943 u.
1554 2903 1588 2945 2
1612 2903 1719 2955 post
1747 2899 1837 2942 sch.
1918 2880 1939 2963 3

144 2971 191 2999 u.
224 2961 253 3001 3
284 2960 337 3001 m
364 2960 420 3002 M
472 2973 478 2975 ·
544 2965 600 3004 24
631 2960 881 3017 hymetiae.
915 2976 950 3006 r.
978 2961 1042 3004 M
1159 2965 1215 3004 25
1249 2960 1402 3004 editur
1435 2959 1498 3002 M
1613 2958 1745 3002 1m&o
1779 2957 1843 3000 M
1904 2964 1939 3197 ι

266 3022 322 3062 30
355 3020 509 3075 coepit
543 3020 607 3063 M
