1939 3197
177 101 248 154 98
651 96 770 141 oDE
802 95 882 150 111,
917 98 969 138 12
1011 94 1060 137 et
1092 97 1145 136 13
1179 92 1227 135 et
1260 94 1328 134 14.

178 237 365 292 solitos
404 235 584 288 fuisse.
726 233 792 285 13
849 232 1027 282 catus
1081 227 1245 280 idem
1297 243 1408 294 per
1456 226 1744 294 apertum
1781 223 1872 276 fu-

179 310 419 382 gientis
473 309 723 379 agitato
778 321 969 376 grege
1026 320 1250 355 ceruos
1300 298 1588 353 iaculari.
1666 300 1872 351 catus:

179 383 406 439 ‘acutus'
463 402 524 436 ac
563 400 660 451 per
697 381 800 434 hoc
857 376 1100 431 edoctus'
1145 375 1526 446 significatur.
1605 371 1735 426 ordo
1791 374 1874 425 est

179 463 378 514 autem:
428 460 578 510 catus
616 456 758 509 idem
796 453 1055 524 fugientis
1097 469 1282 505 ceruos
1329 448 1551 502 iaculari
1588 465 1684 517 per
1722 464 1874 516 aper-

134 551 154 584 5
178 538 295 588 tum
336 533 541 603 agitato
584 548 761 601 grege.
838 546 947 598 per
988 529 1277 596 apertum
1317 527 1496 576 autem
1537 521 1781 575 absolute
1812 520 1868 572 id

180 611 261 662 est
299 625 395 678 per
434 624 697 675 campum.

883 675 1003 719 ODE
1038 680 1079 730 3,
1115 678 1182 717 13.

331 770 375 823 O
423 771 569 823 fons
624 767 1005 821 Bandusiae.
1084 762 1404 817 sacrificium
1442 761 1542 813 hac
1582 755 1700 832 ᾠδῇ
1729 759 1873 812 fonti

180 845 485 898 Bandusiae
548 843 879 913 repromittit
940 840 1200 907 simulque
1247 836 1431 890 laudes
1487 835 1598 887 eius
1660 833 1803 886 dicit.

116 932 157 964 1⁰
182 921 215 973 2
294 938 421 972 non
500 920 634 971 sine
711 917 988 969 floribus
1051 932 1189 966 cras
1252 910 1597 964 donaberis
1658 909 1878 962 haedo.

183 994 547 1063 amphibolon.
625 994 889 1044 incertum
946 993 1028 1041 est
1074 987 1217 1040 enim
1263 989 1446 1038 utrum
1494 985 1638 1036 dicat
1685 983 1877 1037 ‘haedo

183 1069 469 1122 donaberis
519 1071 572 1120 et
617 1063 859 1120 floribus'
909 1083 979 1116 an
1018 1081 1147 1115 uero
1190 1059 1496 1114 ‘donaberis
1535 1058 1733 1127 haedo,
1788 1058 1880 1126 qui

183 1144 285 1196 erit
325 1161 446 1195 cum
485 1141 706 1194 floribus
746 1140 800 1192 id
841 1142 923 1192 est
962 1135 1285 1191 coronatus'.
1400 1133 1434 1186 5
1483 1136 1545 1186 et
1583 1149 1879 1185 uenerem

184 1222 245 1270 et
294 1216 543 1286 proelia
594 1215 640 1268 d.
692 1215 727 1267 f.
778 1214 1026 1265 frustra
1082 1211 1286 1264 scilicet
1326 1208 1452 1277 quia
1490 1207 1875 1260 immolabitur.

118 1303 159 1336 15
333 1291 366 1343 9
407 1294 468 1343 te
508 1289 859 1360 flagrantis
901 1290 1086 1340 atrox
1124 1286 1280 1338 hora
1321 1301 1362 1336 c.
1401 1301 1454 1335 n.
1477 1286 1515 1334 t.
1557 1281 1880 1350 opacitatem

184 1366 296 1419 eius
357 1365 564 1434 laudat,
632 1382 728 1434 per
790 1380 950 1431 quam
1013 1361 1141 1414 dicit
1202 1360 1435 1412 calorem
1498 1355 1881 1409 canicularium

184 1440 389 1493 dierum
430 1439 498 1492 ad
545 1458 666 1492 eum
705 1456 819 1492 non
858 1436 1192 1489 descendere.
1311 1434 1379 1487 10
1441 1432 1650 1501 frigus
1713 1448 1881 1482 ama-

183 1514 331 1568 bile.
433 1515 709 1584 eleganter
784 1531 882 1580 pro
960 1511 1151 1562 umbra
1227 1507 1571 1577 refrigeranti
1648 1505 1882 1558 calorem

186 1589 378 1641 aestiui
416 1588 674 1657 temporis
715 1587 861 1638 dixit.
981 1586 1048 1637 13
1096 1584 1218 1636 fies
1266 1581 1581 1635 nobilium
1619 1582 1685 1632 tu
1728 1597 1882 1647 quo-

120 1676 162 1708 20
188 1682 303 1732 que
342 1663 643 1715 fontium:
691 1665 751 1713 tu
792 1678 1002 1729 quoque
1035 1660 1175 1711 inter
1199 1657 1408 1709 nobiles
1433 1656 1613 1708 fontes
1636 1654 1882 1707 nomina-

186 1737 328 1790 beris
385 1737 620 1789 carmine
675 1753 794 1788 meo
849 1734 1202 1803 praedicatus,
1332 1731 1400 1783 14
1469 1746 1562 1781 me
1625 1728 1882 1781 dicente

188 1812 363 1865 cauis
402 1810 773 1880 impositam
811 1809 1023 1861 ilicem
1064 1807 1233 1860 saxis
1265 1805 1429 1858 unde
1461 1805 1494 1857 l.
1518 1805 1552 1857 1.
1577 1802 1623 1856 d.
1648 1806 1686 1855 t.
1720 1802 1884 1872 signi-

187 1886 312 1938 ficat
365 1885 423 1937 in
473 1904 599 1938 saxo
653 1888 841 1937 natam
886 1883 1064 1936 ilicem
1119 1882 1387 1949 arborem,
1442 1879 1540 1931 sub
1597 1878 1746 1931 cuius
1799 1895 1885 1928 ra-

190 1960 303 2013 dice
352 1962 638 2028 erumpant
689 1976 857 2027 aquae
908 1957 1076 2009 fontis
1131 1956 1307 2008 huiuS.
1397 1955 1649 2023 loquaces
1705 1955 1885 2004 autem

123 2048 165 2081 25
188 2034 442 2103 lymphas
484 2034 630 2103 dixit,
671 2032 829 2102 quod⁷
869 2032 996 2084 dum
1022 2031 1084 2083 de
1112 2049 1238 2083 saxo
1266 2029 1489 2098 cadunt,
1527 2028 1887 2097 perstrepant.

887 2194 1007 2239 ODE
1042 2200 1083 2248 3,
1119 2199 1186 2238 14.

340 2284 644 2338 Herculis
684 2286 815 2339 ritu
853 2287 1036 2339 modo
1071 2286 1116 2337 d.
1193 2284 1326 2336 haec
1352 2278 1468 2355 ςόδὴ
1494 2282 1552 2334 in
1575 2280 1906 2352 Augustum*

195 2359 446 2412 scribitur
511 2361 771 2412 uictorem
839 2378 901 2412 ex
951 2360 1220 2428 Hispania
1276 2358 1653 2410 reuertentem.
1742 2356 1885 2424 quod

194 2436 375 2486 autem
413 2433 633 2486 Herculi
672 2435 824 2486 illum
864 2436 1155 2503 comparat,
1193 2432 1312 2484 ideo
1352 2431 1498 2500 facit,
1536 2432 1597 2482 ut
1636 2429 1889 2484 ostendat

128 2535 171 2569 30
194 2508 406 2560 labores
447 2526 568 2560 eum
607 2526 720 2562 non
758 2526 853 2576 per
894 2508 1044 2576 alios,
1084 2507 1176 2559 sed
1215 2523 1310 2575 per
1350 2524 1405 2557 se
1446 2504 1836 2558 administrare.

197 2582 231 2634 2
285 2584 486 2634 morte
541 2583 832 2634 uenalem
885 2581 1155 2651 petiisse
1210 2581 1483 2632 laurum:
1525 2597 1686 2647 quam
1725 2578 1888 2630 etiam

196 2659 367 2709 morte
422 2659 643 2725 paratus
700 2660 781 2709 est
829 2674 1016 2709 emere.
1093 2673 1206 2708 non
1253 2655 1397 2707 enim
1445 2654 1592 2706 omni
1629 2653 1790 2707 modo
1830 2653 1889 2704 in

318 2838 342 2876 2
399 2834 528 2877 catus
574 2833 737 2876 acutus
779 2832 935 2889 Pauly
975 2834 1031 2887 cf.
1089 2831 1238 2876 Varro
1285 2832 1340 2875 L.
1381 2831 1436 2875 L.
1474 2833 1522 2883 7,
1568 2832 1651 2873 46:
1706 2828 1888 2872 catura-

199 2892 330 2935 catus
355 2892 419 2935 M
506 2897 533 2936 4
566 2906 712 2937 cerms
738 2892 801 2934 M
889 2898 914 2937 6
948 2895 1088 2949 captu
1116 2893 1179 2935 M
1266 2897 1292 2937 8
1323 2891 1532 2935 fontibus
1558 2890 1621 2933 M
1711 2892 1763 2931 11
1790 2899 1887 2930 am-

193 2948 374 2994 fibolon
408 2952 472 2995 M
577 2956 630 2995 12
664 2951 909 2996 donauens
945 2953 1007 2995 M
1037 2953 1104 2996 bis
1205 2956 1260 2996 23
1293 2950 1481 2994 radicae
1515 2949 1578 2993 M
1666 2952 1721 2992 25
1753 2960 1887 3002 nym-

198 3007 268 3053 fas
302 3009 365 3052 M
480 3010 650 3055 cadant
681 3027 710 3066 ς
831 3016 885 3055 31
919 3013 1091 3068 petisse
1124 3012 1188 3055 M
1327 3015 1382 3054 32
1414 3011 1589 3054 temere
1624 3008 1687 3052 M
