1939 3197
199 39 244 111 X
860 63 1221 108 PRAEFATIO.

199 218 375 269 pauca
414 200 698 252 emendata
738 202 883 267 sunt,
946 216 1080 267 quas
1133 199 1224 268 qui
1274 199 1590 268 excusserit,
1644 198 1700 251 id
1751 198 1894 268 quod

198 291 300 344 ego
337 274 572 343 neglexi,
620 291 725 341 qua
764 272 997 325 editione
1038 291 1277 341 quaeque
1325 273 1608 326 emendata
1649 272 1892 341 sint-,po-

198 348 331 400 terit
369 348 574 400 docere.

346 420 474 474 Plus
516 420 701 473 auxilii
738 420 919 472 ferunt
968 419 1036 472 ad
1075 421 1407 473 emendanda
1445 421 1613 473 uerba
1649 419 1896 488 Porphy-

198 495 369 548 rionis
426 512 490 547 ea
552 513 687 563 quae
741 493 864 545 inde
918 496 1170 562 excerpta
1222 494 1569 546 inueniuntur
1615 495 1674 546 in
1722 496 1897 547 ceteris

199 569 591 622 commutastis.
670 566 763 620 sed
801 570 955 620 caute
1004 585 1135 637 agas
1175 568 1359 620 uelim:
1421 586 1549 619 nam
1588 569 1679 636 qui
1718 586 1895 621 excer-

197 646 425 712 pserunt
461 641 625 694 iidem
664 641 1051 710 expoliuerunt.

349 716 470 786 Ego
541 735 652 769 rem
725 716 801 768 sic
870 716 979 785 egi:
1057 715 1293 783 primum
1357 714 1772 768 commentarios
1829 713 1898 766 ad

203 791 418 860 singula
473 791 711 842 carmina
762 790 821 842 in
871 790 1052 842 codice
1103 789 1415 842 Monacensi
1467 789 1699 857 scriptos
1750 787 1896 840 iden-

203 864 373 916 tidem
411 864 738 933 meditabar,
792 863 979 915 deinde
1022 863 1229 916 scholia
1268 863 1367 915 sub
1406 863 1625 916 nomine
1664 862 1897 916 Acronis

204 939 348 991 edita
403 938 470 990 ab
511 937 834 1004 Hauthalio,
888 940 1369 990 commentatorem
1421 956 1453 989 a
1493 936 1732 1006 Oruquio
1774 954 1898 990 con-

201 1012 415 1080 flatum,
469 1012 677 1065 scholia
728 1012 925 1064 codicis
978 1011 1400 1081 Bambergensis
1452 1014 1506 1063 et
1554 1010 1898 1063 Monacensis

202 1104 290 1139 no.
353 1086 462 1139 374
526 1089 581 1138 et
644 1085 1075 1156 fragmentorum
1150 1083 1667 1138 Scheftlarnensium
1729 1082 1901 1154 (quae

207 1160 409 1212 similia
448 1160 618 1213 codici
657 1159 734 1229 A,
787 1159 958 1212 Paris.
1001 1160 1168 1227 7900,
1230 1160 1425 1229 collegi
1465 1160 1529 1212 de
1567 1158 1899 1228 tegumentis

205 1234 447 1287 codicum
489 1232 807 1286 Scheftlarn.
846 1231 1211 1303 monasterii),
1267 1234 1313 1287 si
1360 1234 1487 1302 quid
1525 1233 1658 1286 utile
1695 1231 1902 1285 ferrent

204 1308 597 1376 perquirebam,
635 1309 913 1375 postremo
946 1307 1300 1376 inspiciebam
1342 1308 1604 1360 editiones
1631 1324 1898 1359 commen-

191 1382 469 1436 tariorum
530 1380 925 1449 Porphyrionis
983 1399 1015 1433 a
1075 1381 1285 1450 Paulyo
1349 1385 1404 1434 et
1459 1380 1759 1433 Hauthalio
1805 1398 1900 1449 pa-

204 1459 370 1507 ratas
448 1455 643 1523 quibus
685 1454 943 1508 confectis
985 1456 1229 1524 singulos
1262 1455 1677 1508 commentarios
1703 1453 1899 1507 descri-

204 1529 401 1581 bebam
458 1529 521 1581 de
577 1529 757 1581 codice
796 1527 1111 1581 Monacensi
1167 1547 1328 1597 quam
1384 1528 1791 1582 accuratissime
1843 1530 1899 1579 et

208 1605 530 1672 apparatum
602 1603 846 1655 criticum
917 1603 1329 1672 componebam,
1397 1603 1477 1655 ita
1537 1605 1599 1655 ut
1661 1602 1708 1655 si
1762 1619 1901 1670 quae

207 1677 490 1729 emendata
543 1677 853 1729 uiderentur
908 1695 940 1728 a
979 1676 1158 1730 codice
1212 1678 1288 1730 M
1335 1676 1638 1730 recederem
1691 1677 1748 1728 et
1798 1675 1899 1728 has

206 1751 467 1804 lectiones
508 1754 669 1819 atque
709 1751 1045 1803 coniecturas
1093 1750 1287 1820 dignas
1326 1746 1766 1820 adscriberem.*)
1843 1751 1901 1801 at

208 1825 584 1878 commentarii
636 1824 703 1877 ad
754 1824 1016 1893 epistulas
1060 1824 1299 1877 16—-20
1348 1825 1511 1894 primi
1559 1824 1689 1877 libri
1739 1826 1794 1875 et
1832 1823 1900 1876 ad

207 1899 440 1966 primam
494 1901 549 1950 et
600 1898 889 1951 secundam
940 1899 1162 1951 alterius
1201 1899 1394 1952 misere
1435 1898 1717 1967 deprauati
1759 1899 1898 1950 sunt.

206 1974 391 2040 itaque
428 1990 496 2023 ne
528 1973 784 2026 monstris
816 1972 1108 2024 uerborum
1134 1975 1402 2026 scaterent
1426 1974 1708 2026 columnae
1732 1970 1899 2024 etiam

213 2047 549 2099 coniecturas
612 2047 729 2099 ueri
776 2046 979 2098 similes
1033 2045 1241 2098 admisi.
1317 2064 1423 2114 qua
1460 2047 1518 2099 in
1555 2048 1711 2114 parte
1758 2062 1898 2097 com-

210 2121 598 2173 mentariorum
660 2139 825 2189 quum
886 2120 1190 2188 superiores
1252 2119 1484 2173 editores
1556 2137 1653 2172 suo
1717 2117 1898 2171 officio

206 2193 368 2262 plane
407 2194 717 2262 defuissent,
757 2193 871 2262 eper
901 2212 1133 2247 uacuum
1162 2194 1322 2262 posui
1351 2193 1590 2264 uestigia
1611 2191 1896 2261 princeps',

207 2267 286 2318 ita
324 2269 385 2319 ut
424 2269 471 2319 si
510 2268 765 2320 audacius
803 2285 914 2320 non
951 2286 1245 2336 numquam
1284 2286 1398 2321 rem
1422 2267 1642 2337 egerim,
1682 2283 1898 2318 excusa-

207 2339 354 2393 tione
416 2341 496 2393 rei
550 2341 768 2393 criticae
821 2341 880 2393 in
934 2359 1144 2393 summa
1199 2341 1515 2394 difficultate
1570 2339 1897 2392 constitutae

206 2416 352 2467 recte
392 2413 687 2467 defendam.

358 2515 562 2587 Scripsi
600 2517 805 2571 Romae
845 2535 1027 2570 mense
1066 2516 1353 2570 Decembri
1392 2537 1437 2571 a.
1476 2518 1632 2571 1873.

1110 2661 1457 2708 GULIELMUS
1489 2661 1718 2706 MEYER.

331 2914 372 2968 ²¹⁶)
429 2929 458 2969 ς
490 2936 545 2952 ---
575 2914 910 2972 Porphyrionis
965 2914 1148 2961 codices
1203 2914 1406 2970 (praeter
1440 2913 1516 2969 M)
1573 2914 1620 2956 et
1664 2910 1889 2955 editiones

213 2986 371 3016 omnes
420 2975 503 3016 aut
549 2974 822 3030 complures.
895 2972 1090 3016 Latinae
1144 2986 1282 3016 uoces
1329 2973 1492 3016 litteris
1537 2971 1772 3014 inclinatis
1819 2984 1892 3014 ex-

211 3045 396 3089 pressae
431 3032 599 3076 desunt
628 3033 676 3076 in
710 3033 809 3077 cod.
844 3033 907 3076 M
