1939 3197
651 73 850 121 SERMO
884 77 917 131 J,
952 81 991 133 2,
1027 81 1184 120 7—20.
1665 79 1765 130 191

86 209 491 277 uaniloquentia
530 208 795 261 dicuntur.
872 211 1078 279 colligit
1117 214 1295 263 autem
1327 211 1428 264 hac
1454 216 1636 264 satura
1659 213 1768 265 fere

83 282 327 334 homines
336 325 351 350 ,
404 282 531 334 dum
581 283 715 334 uitia
764 284 961 351 uitent,
1015 285 1072 335 in
1112 286 1382 337 contraria
1430 286 1564 338 uitia
1608 287 1769 338 recci-

86 355 223 408 dere.
334 357 362 407 7
403 355 570 408 hunc
611 357 663 408 si
700 359 1104 425 perconteris
1145 359 1248 410 aui
1288 377 1395 410 cur
1435 362 1623 428 atque
1662 378 1769 427 pa-

82 430 289 481 rentis
329 433 382 481 et
419 430 637 498 reliqua.
716 431 759 482 si
791 431 1206 501 interrogaueris
1239 433 1417 501 alium,
1455 433 1645 501 inquit,
1678 451 1770 485 cur

82 503 347 555 maiorum
402 522 620 556 suorum
669 504 814 556 bona
866 508 1142 557 mutuatus
1196 507 1480 574 pecuniam
1535 507 1770 576 deuoret,
1794 522 1814 552 5

81 577 429 646 respondebit
480 578 625 629 nolle
681 596 735 629 se
789 578 959 630 uideri
1014 579 1212 631 sordidi
1265 581 1550 649 pusillique
1591 581 1770 650 animi,

84 654 137 702 et
187 654 345 703 erunt
395 651 485 719 qui
536 669 657 703 eum
706 652 949 721 laudent,
1010 652 1103 704 alii
1148 671 1276 705 uero
1318 654 1409 721 qui
1446 655 1768 722 uituperent.

230 725 263 776 9
305 725 641 777 conductis
682 743 972 778 coemens
1013 726 1284 778 obsonia
1314 728 1599 779 nummis.
1660 728 1768 779 fae-

82 815 213 850 nore
266 799 493 867 sumptis
545 799 819 868 eleganter
870 799 1025 867 dixit,
1080 800 1217 852 sicut
1271 801 1522 852 conducti
1576 819 1768 869 operae

80 871 330 924 dicuntur
369 872 439 941 ei,
492 872 685 941 quibus
731 890 934 925 merces
983 873 1050 925 ob
1092 892 1225 941 opus
1264 877 1584 941 praestatur.
1702 876 1767 926 12
1794 888 1836 918 10

79 942 377 998 Fufidius
438 965 682 1014 uappae
733 947 787 998 id
827 950 930 998 est:
1000 947 1181 1016 timet,
1234 966 1301 999 ne
1343 948 1388 999 si
1425 966 1538 1000 non
1578 949 1769 1000 acriter

78 1037 268 1071 usuras
316 1021 572 1089 exegerit,
625 1039 806 1089 uappa
852 1037 912 1073 ac
949 1021 1145 1073 nebulo
1187 1021 1395 1073 dicatur
1433 1022 1486 1073 id
1527 1025 1607 1073 est
1645 1022 1767 1074 uilis

80 1111 142 1145 ac
180 1094 513 1164 nugatorius,
639 1096 709 1146 14
764 1095 990 1163 quinas
1035 1094 1137 1146 hic
1199 1096 1397 1163 capiti
1447 1096 1767 1147 mercedes

81 1170 352 1219 exsecat.
428 1168 696 1220 mercedes
751 1186 849 1236 pro
903 1168 1079 1220 usuris
1134 1168 1269 1220 dixit
1308 1169 1598 1221 secundum
1635 1169 1768 1221 illud

82 1241 339 1310 superiUS,
365 1242 508 1310 quod
541 1241 746 1293 dixerat
778 1242 1117 1294 conductis
1149 1243 1436 1294 nummis,
1513 1246 1767 1295 exsecat
1792 1253 1833 1285 15

80 1318 259 1366 autem
300 1315 498 1383 capiti
538 1315 604 1367 ad
629 1316 760 1368 illud
793 1316 1041 1385 pertinet,
1081 1316 1223 1384 quod
1248 1316 1398 1368 auari
1421 1317 1768 1385 feneratoreS,

79 1406 198 1439 cum
239 1389 370 1440 dant
406 1390 706 1441 usurariam
751 1390 1056 1458 pecuniam,
1115 1390 1275 1458 primi
1327 1390 1525 1442 mensis
1578 1409 1768 1442 usuras

79 1463 242 1530 capiti
281 1463 449 1530 ipsius
489 1463 648 1515 sortis
690 1464 873 1515 statim
913 1467 1216 1532 amoueant,
1254 1463 1358 1516 hoc
1391 1467 1472 1515 est
1496 1481 1624 1533 ergo
1666 1481 1765 1515 ex-

80 1539 266 1588 secat.
386 1536 453 1589 15
509 1540 748 1605 quanto
788 1537 1103 1605 perditior
1143 1537 1409 1605 quisque
1451 1541 1547 1589 est
1583 1540 1765 1589 tanto

79 1610 289 1661 acrius
329 1614 573 1680 urguet.
652 1629 712 1662 ac
750 1614 929 1679 tantO,
975 1611 1173 1679 inquit,
1213 1611 1551 1679 grauioribus
1589 1612 1766 1663 usuris
1790 1622 1833 1653 20

79 1687 268 1735 onerat
305 1702 473 1735 unum
511 1703 789 1753 quemque,
829 1688 1031 1753 quanto
1071 1685 1396 1736 intellexerit
1435 1703 1556 1736 eum
1587 1686 1767 1754 negle-

78 1757 292 1826 gentius
345 1776 430 1810 res
489 1776 612 1810 suas
668 1776 839 1828 agere.
995 1759 1061 1811 16
1145 1759 1405 1810 nomina
1482 1762 1768 1811 sectatur

76 1831 257 1883 modo
310 1835 560 1900 sumpta
609 1835 787 1885 ueste
839 1832 1018 1884 uirili
1070 1833 1181 1884 sub
1232 1833 1528 1900 patribus
1577 1833 1766 1885 duriS.

78 1904 207 1957 dicit
246 1923 366 1957 eum
404 1909 517 1957 tam
556 1906 903 1975 praecipitem
955 1924 1068 1958 esse
1121 1906 1370 1974 auaritia,
1424 1909 1484 1957 ut
1522 1906 1766 1958 nondu—

75 1978 212 2030 bitet
274 1980 435 2030 etiam
488 1980 610 2031 filiis
664 1980 900 2032 familias
941 1998 1060 2031 cum
1106 1979 1343 2046 periculo
1392 1979 1638 2048 exigendi
1676 1997 1764 2047 pe-
1789 2003 1831 2036 25

78 2052 262 2104 cunias
303 2053 536 2122 credere,
591 2054 717 2105 dum
764 2054 922 2106 modo
964 2070 1156 2122 graues
1195 2071 1385 2104 usuras
1427 2052 1627 2105 credito
1669 2071 1764 2105 suo

78 2126 320 2194 inponat.
438 2127 503 2178 19
566 2146 678 2195 pro
742 2129 1010 2196 quaestu
1074 2129 1391 2194 sumptum
1451 2126 1612 2178 facit
1664 2127 1765 2178 hic

76 2200 181 2250 uix
236 2200 492 2252 credere
538 2201 763 2269 possis,
840 2201 942 2253 hoc
980 2218 1076 2267 per
1116 2195 1525 2269 ἀνθυποφορὰν
1559 2200 1766 2268 dicitur,

77 2273 226 2325 cuius
267 2292 454 2326 sensus
495 2278 595 2326 est:
651 2275 744 2326 sed
789 2277 944 2342 putet
988 2273 1218 2326 forsitan
1265 2274 1430 2342 aliqui
1468 2293 1565 2342 pro
1606 2274 1764 2326 modo

76 2350 328 2417 quaestus
369 2348 470 2400 sibi
510 2367 630 2400 eum
668 2349 969 2418 indulgere3
1016 2349 1100 2400 cui
1137 2348 1270 2400 haec
1308 2348 1620 2416 respondet:
1661 2349 1765 2399 uix
1789 2371 1831 2403 30

77 2421 330 2474 credere
396 2423 631 2491 possis,
714 2441 896 2491 quam
952 2422 1074 2474 sibi
1146 2440 1274 2475 non
1351 2422 1435 2474 sit
1511 2422 1765 2474 amicus,

224 2496 297 2547 20
351 2496 441 2547 ita
495 2500 564 2549 ut
614 2500 796 2565 pater
846 2497 957 2548 ille
998 2495 1262 2547 Terenti
1310 2495 1535 2548 fabula
1586 2513 1764 2564 quem

200 2649 220 2685 1
272 2641 463 2698 collegat
496 2642 558 2685 M
704 2647 732 2685 4
762 2642 896 2685 illum
929 2641 1180 2685 Fabricius
1332 2647 1357 2684 5
1404 2642 1613 2683 mutatus
1648 2640 1710 2683 M

81 2707 106 2745 9
139 2715 276 2758 opere
310 2700 373 2743 M
490 2706 545 2744 10
578 2700 634 2756 ei,
667 2701 854 2756 quibus:
890 2713 985 2744 eius
1017 2715 1092 2744 cui
1125 2701 1188 2744 M
1308 2707 1358 2743 11
1393 2713 1450 2743 ne
1483 2699 1541 2742 si:
1583 2713 1672 2741 11151
1705 2699 1770 2741 M

199 2766 252 2804 14
286 2761 444 2816 exigat
476 2760 539 2802 M
659 2765 712 2803 15
746 2762 934 2803 execcat
967 2795 975 2803 .
1009 2795 1019 2804 .
1053 2760 1208 2816 capidi
1240 2760 1303 2802 M
1422 2764 1476 2801 16
1523 2759 1764 2801 uenetores

33 2859 38 2862 .
81 2819 144 2863 ,Μ
262 2825 316 2863 18
365 2821 530 2875 capitis
565 2819 628 2862 M
774 2819 934 2862 statim
981 2821 1231 2863 amoueant
1277 2831 1381 2861 nos.-
1442 2817 1618 2859 statum
1664 2830 1762 2860 mo—

77 2879 251 2922 uebant
284 2879 347 2921 M
485 2883 539 2921 ‘21
574 2879 748 2934 quanto
780 2893 829 2920 in
862 2879 930 2922 bis
963 2879 1026 2921 M
1157 2882 1212 2921 ‘28
1260 2889 1418 2933 posses
1453 2875 1515 2918 M
1632 2870 1763 2922 &Ne-

77 2937 392 2981 ΥΠΟΘΟΡΛΝ
429 2937 491 2980 Μ
579 2942 634 2981 29
668 2951 777 2980 cuus
812 2938 874 2980 M
962 2943 1018 2981 30
1050 2952 1136 2992 cui,
1168 2951 1224 2980 m.
1259 2941 1303 2982 2.
1337 2936 1389 2979 in
1420 2948 1525 2978 cum
1557 2946 1670 2978 corr.
1706 2935 1768 2977 M

196 3003 250 3040 31
286 3011 324 3039 si
355 3010 446 3039 non
478 3011 538 3040 sis
572 2996 635 3039 M
752 3001 807 3039 32
838 2997 918 3039 1110
952 2997 1013 3040 M
