1939 3197
608 63 862 109 CARMEN
896 63 1266 108 SAECULARE.
1673 65 1738 119 18
1748 67 1776 118 1

99 217 226 269 ergo
267 218 298 251 a
337 199 673 251 nominatiuo
713 199 907 266 plurali
957 199 1108 252 uenit
1146 199 1357 269 generis
1397 200 1602 269 neutri,
1641 201 1784 269 quod

102 277 185 326 est
226 271 465 327 ‘relicta'.
600 271 671 324 49
713 291 997 341 quaeque
1037 291 1149 325 uos
1188 273 1394 325 bubus
1434 277 1785 326 ueneratur

99 347 263 399 albis
295 347 508 398 clarus
542 345 865 399 Anchisae
898 346 1297 416 Uenerisque
1339 347 1622 417 sanguis,
1681 347 1785 399 hoc

97 421 164 473 ad
204 419 487 473 Caesarem
527 419 836 489 Augustum
882 422 1139 490 pertinet,
1186 421 1311 489 quia
1348 421 1488 473 Iulia
1538 438 1672 490 gens
1712 421 1780 473 ab

94 493 234 562 Iulo,
281 512 342 547 ac
390 512 484 563 per
530 493 656 564 hoc,
693 493 903 546 Uenere
943 498 997 546 et
1020 495 1255 546 Anchise
1288 500 1401 547 orta
1438 495 1786 547 existimatur.
1809 516 1830 549 5

212 568 278 621 51
323 568 610 620 bellante
649 569 825 637 prior
863 570 1176 621 iacentem
1215 570 1379 620 lenis
1418 569 1483 621 in
1521 569 1785 622 hostem.

99 643 174 695 sic
214 646 267 695 et
298 641 657 711 Uergilius:
697 640 966 694 Parcere
1008 643 1320 695 subiectis
1361 646 1423 695 et
1462 643 1786 694 debellare

98 717 425 785 superbos,
577 716 646 768 53
693 716 816 767 iam
863 716 1021 768 mari
1070 719 1375 784 terraque
1414 734 1637 768 manus
1676 734 1785 784 po-

97 791 318 843 tentis.
425 790 851 841 subaudiendum
912 791 1120 858 utique:
1182 790 1566 843 Romanorum.
1714 789 1786 841 55

96 865 219 916 iam
269 863 547 932 Scythae
595 881 904 932 responsa
950 867 1182 932 petunt
1250 863 1305 915 id
1351 866 1455 932 est,
1503 866 1787 931 expectant
1811 883 1853 915 10

100 942 385 1008 praecepta
432 937 815 990 Romanorum.
892 956 987 1006 per
1034 937 1177 1006 quod
1229 937 1496 989 subiectos
1538 954 1651 989 esse
1691 936 1786 988 im-

99 1012 249 1081 perio
289 1012 535 1064 Romano
575 1012 817 1081 intellegi
855 1012 987 1064 uult.
1126 1012 1195 1064 58
1245 1014 1306 1063 et
1350 1012 1654 1080 neglecta
1692 1028 1786 1062 re-

102 1086 235 1138 dire
275 1086 486 1137 uirtus
527 1086 730 1138 audet.
828 1086 1076 1156 neglecta
1116 1086 1387 1154 superiore
1427 1088 1668 1154 tempore
1707 1102 1786 1135 re-

101 1160 212 1212 dire
253 1159 414 1211 audet
451 1178 595 1211 nunc
635 1160 688 1211 id
729 1163 810 1211 est
847 1160 1180 1228 temporibus
1220 1158 1470 1228 Augusti.
1570 1157 1638 1210 59
1680 1176 1785 1226 ap-

97 1237 409 1303 paretque
449 1234 638 1285 beata
684 1235 874 1302 pleno
917 1231 1114 1302 Copia
1161 1252 1377 1286 cornu.
1478 1232 1629 1301 quasi
1670 1250 1780 1284 cor·
1808 1250 1850 1283 15

99 1308 341 1377 poralem
367 1308 520 1359 deam
545 1307 632 1361 hic
659 1308 838 1376 accipe
865 1305 1089 1376 Copiam
1113 1307 1297 1376 utique
1329 1325 1506 1359 rerum
1547 1306 1788 1359 omnium

103 1381 505 1434 abundantiam.
591 1382 661 1434 65
688 1381 1092 1434 siPalatinos
1131 1381 1311 1433 uidet
1350 1398 1587 1449 aequus
1629 1398 1787 1431 araS.

101 1458 328 1525 apparet
372 1456 481 1507 iam
527 1455 593 1507 ab
634 1455 884 1525 Augusto
936 1455 1239 1507 dedicatum
1276 1455 1442 1507 fuisse
1482 1455 1539 1505 in
1577 1453 1786 1505 Palatio

98 1530 341 1599 Apollini
387 1530 670 1598 templum,
725 1529 874 1581 cuius
923 1532 977 1580 et
1021 1528 1356 1598 Uergilius
1406 1528 1480 1579 sic
1542 1526 1790 1579 meminit

97 1604 241 1672 Ipse
312 1604 538 1655 sedens
609 1604 797 1655 niueo
862 1603 1199 1655 candentis
1261 1602 1481 1654 limine
1542 1600 1788 1653 Phoebi
1811 1620 1855 1652 20

100 1678 266 1730 dona
304 1678 715 1747 recognoscit
753 1678 1150 1746 populorum.
1280 1677 1347 1728 67
1407 1675 1684 1728 alterum
1723 1675 1790 1726 in

102 1752 372 1804 lustrum
435 1752 791 1820 meliusque
856 1769 1101 1820 semper
1168 1753 1480 1820 proroget
1550 1767 1788 1801 aeuum.

102 1843 288 1878 sensus
341 1830 444 1878 est:
502 1826 546 1878 si
594 1829 838 1894 acceptas
888 1844 1007 1878 aras
1053 1825 1218 1877 habet
1263 1824 1486 1892 Apollo7
1543 1841 1677 1891 quae
1732 1823 1791 1873 in

99 1898 308 1953 Palatio
359 1899 631 1952 dedicatae
681 1903 827 1968 sunt,
880 1900 924 1951 si
963 1899 1228 1968 propitius
1266 1898 1543 1950 Romanos
1584 1896 1791 1964 aspicit,

100 1974 291 2026 melius
332 1973 602 2025 saeculum
640 1974 698 2025 in
735 1974 978 2025 futurum
1016 1973 1235 2024 tribuat.
1391 1971 1461 2023 69
1503 1986 1788 2038 quaeque
1812 1987 1856 2020 25

101 2047 495 2098 Auentinum
526 2050 707 2099 tenet
730 2047 1157 2116 Algidumque
1199 2044 1559 2114 quindecim
1582 2041 1791 2095 Diana

100 2138 322 2189 preces
354 2121 637 2173 uirorum
670 2125 851 2172 curat
883 2124 944 2172 et
977 2120 1149 2172 uotis
1182 2136 1522 2187 puerorum
1554 2117 1790 2169 amicas

103 2194 393 2262 applicat
432 2212 628 2246 aures,
682 2194 770 2246 hic
795 2195 1006 2263 quoque
1031 2212 1096 2245 ex
1121 2193 1392 2262 superiore
1431 2210 1527 2261 per
1564 2208 1790 2260 zeugma

103 2269 368 2336 particula
408 2268 725 2320 arcessenda
764 2271 860 2336 est,
898 2271 959 2320 ut
999 2268 1090 2319 sit:
1133 2267 1178 2320 si
1213 2266 1518 2336 quindecim
1548 2265 1788 2317 uirorum

102 2358 284 2410 preces
309 2340 488 2394 Diana
520 2345 674 2394 curat
711 2345 765 2394 et
804 2343 849 2394 si
889 2342 1088 2394 amicas
1129 2359 1284 2393 aures
1325 2340 1561 2409 applicat
1598 2355 1787 2407 puero·
1812 2356 1856 2389 30

102 2433 222 2467 rum
260 2416 418 2468 uotis,
495 2420 549 2467 et
589 2434 755 2484 aeque
795 2434 858 2468 ex
898 2416 1170 2484 superiore
1211 2418 1264 2467 et
1304 2415 1370 2467 ad
1400 2412 1635 2466 Dianam
1674 2429 1789 2480 per-

226 2595 249 2633 7
281 2591 395 2634 Aen.
430 2596 469 2646 6,
503 2595 588 2635 853
714 2596 768 2635 19
801 2592 914 2636 Aen.
948 2596 989 2647 8,
1024 2595 1110 2634 720

225 2745 246 2781 1
287 2738 528 2795 geneneris
570 2738 633 2781 M
779 2745 807 2783 4
850 2735 1099 2796 augustdm
1141 2738 1203 2781 M
1354 2742 1378 2780 5
1413 2737 1515 2779 orta
1545 2733 1708 2779 addidi
1738 2743 1793 2776 em

104 2798 213 2840 Aer.
248 2799 325 2853 (γ.)
417 2798 744 2842 existimantur
769 2798 832 2841 M
945 2803 999 2841 14
1031 2797 1204 2841 audeat
1229 2796 1292 2841 M
1405 2799 1458 2838 16
1491 2805 1700 2850 accipere
1735 2791 1797 2834 M

225 2861 277 2899 17
311 2856 682 2900 habundantiam
717 2857 781 2900 M
904 2856 1137 2913 palatines
1171 2891 1181 2901 .
1216 2891 1225 2899 .
1260 2867 1387 2898 arces
1423 2853 1485 2897 M
1603 2855 1659 2896 24
1688 2863 1794 2907 pro·

103 2918 246 2970 pitios
281 2915 344 2958 M
484 2919 538 2959 27
573 2919 640 2959 et:
675 2930 700 2960 e
733 2916 797 2958 M
937 2920 992 2959 28
1026 2915 1287 2972 superiore:
1322 2913 1502 2957 addunt
1534 2925 1683 2955 sensu.
1747 2912 1795 2953 at

105 2974 162 3027 cf.
196 2975 331 3018 etiam
363 2974 425 3018 ad
456 2988 500 3018 u.
533 2978 588 3017 11
714 2979 771 3018 30
805 2974 979 3019 amicas
1012 2987 1167 3019 aui-es:
1202 2985 1353 3016 amica
1383 2970 1545 3015 laudes
1580 2970 1643 3013 M
