1939 3197
215 95 250 147 2
928 99 1047 144 ODE
1080 100 1121 157 Ι,
1158 105 1195 146 1.

146 290 148 292 v
220 228 441 308 scripsit*
487 233 677 301 lyrica,
733 235 983 287 carminis
1041 239 1313 289 auctorem
1370 240 1581 290 secutus
1634 237 1909 309 Alcaeum,

118 310 120 314 ’
187 303 377 374 'quem
415 306 473 358 in
512 324 670 375 opere
711 325 807 360 suo
846 307 923 360 ita
960 309 1146 361 iactat:
1201 309 1494 363 Aeolium
1545 331 1797 367 carmen
1836 315 1910 375 ad

218 379 425 432 Italos
452 379 789 433 deduxisse
814 382 1055 452 modOS‚
1079 384 1208 436 artis
1232 384 1473 453 poeticae
1490 404 1672 454 unum,
1698 385 1909 456 epodon

120 448 140 470 '¹
219 471 387 506 unum
403 496 416 521 ‚
473 454 825 523 epistularum
873 456 1004 509 duos
1014 497 1027 524 ‚
1083 475 1389 510 sermonum
1437 459 1568 512 duos
1577 502 1592 528 ‚
1644 460 1909 515 Lucilium

168 539 196 574 ‘5
220 530 433 594 secutus
477 529 918 598 antiquissimum
967 531 1303 600 scriptorem,
1354 533 1501 584 cuius
1548 534 1628 586 ita
1665 537 1909 590 meminit

116 603 141 620 ’·
215 599 466 654 dicendo?
518 599 726 655 Lucili
779 604 908 655 ritu
955 607 1246 657 nostrum
1284 607 1573 659 melioris
1621 611 1907 680 utroque,

218 675 271 726 et
316 676 587 728 saeculare
634 694 870 745 carmen,
929 678 1070 747 quod
1119 679 1444 732 celebratum
1483 681 1711 749 publicis
1751 684 1908 753 uotiS,

216 747 345 800 felix
382 747 622 802 futurum
660 752 889 819 posteris
932 770 1102 804 omen.

702 1033 1032 1093 oDARUM
1081 1035 1320 1095 LIBER
1365 1035 1411 1094 Ι.

144 1176 186 1208 10
357 1160 445 1214 Ad
499 1163 880 1216 Maecenatem.
1060 1164 1397 1218 Maecenas
1462 1169 1671 1221 atauis
1736 1170 1904 1223 edite

210 1236 489 1305 regibus
579 1237 683 1289 hac
747 1238 844 1290 ode
884 1238 1252 1291 Maecenatem
1307 1240 1612 1310 adloquitur
1660 1243 1910 1297 indicans

210 1309 375 1361 alium
424 1310 527 1362 alio
577 1310 755 1363 studio
804 1312 977 1364 teneri
1023 1329 1217 1376 oerum,
1266 1332 1401 1382 quae
1451 1315 1774 1384 adpetantur
1818 1319 1906 1371 uel

209 1383 400 1436 ludicri
448 1384 739 1452 cupiditate
785 1386 874 1438 uel
921 1386 1147 1456 gloriae3
1201 1405 1256 1439 se
1305 1391 1484 1441 autem
1531 1393 1718 1457 putare
1764 1392 1905 1445 inter

216 1457 342 1509 deos
390 1458 620 1510 relatum
667 1459 756 1527 iri,
809 1460 853 1511 si
903 1478 1127 1512 numero
1168 1461 1455 1528 lyricorum
1494 1467 1776 1531 poetarum
1816 1466 1904 1520 ad-

143 1546 185 1579 15
210 1531 440 1599 scriptus
495 1531 671 1584 fuerit.
838 1533 1204 1586 Maecenatem
1252 1535 1328 1587 ait
1382 1537 1595 1589 atauis
1644 1539 1903 1609 regibus

211 1604 434 1674 editum,
483 1606 625 1674 quod
675 1625 707 1658 a
752 1607 1024 1660 nobilibus
1070 1607 1423 1661 Etruscorum
1472 1613 1621 1664 ortus
1673 1613 1757 1665 sit.
1870 1614 1904 1667 5

206 1679 546 1748 palmaque
594 1680 838 1732 nobilis
877 1684 1194 1734 terrarum
1236 1682 1526 1737 dominos
1567 1686 1782 1739 euehit
1829 1688 1905 1740 ad

208 1752 372 1805 deos,
451 1754 786 1824 ambiguum,
836 1758 1018 1808 utrum
1064 1756 1307 1809 nobilis
1357 1758 1506 1811 deos
1548 1778 1618 1811 an
1656 1761 1902 1814 nobilis

213 1827 440 1894 palma.
625 1829 654 1879 7
718 1829 991 1881 mobiles
1052 1829 1339 1892 Quirites
1403 1833 1479 1884 ait
1539 1834 1773 1887 referens
1836 1835 1904 1888 ad

141 1917 185 1948 20
209 1901 358 1969 uulgi
404 1901 694 1954 leuitatem.
778 1903 1017 1972 loquitur
1057 1908 1237 1956 autem
1276 1905 1339 1957 de
1380 1924 1463 1974 eo,
1515 1908 1608 1977 qui
1660 1908 1902 1962 fauorem

207 1975 358 2044 uulgi
428 1978 650 2044 captans
716 1979 894 2045 optet,
971 1996 1092 2030 cum
1162 1979 1437 2048 ingressus
1494 1982 1564 2034 sit
1616 1982 1902 2052 theatrum,

205 2048 456 2115 plausum
512 2049 616 2101 sibi
663 2050 748 2102 edi
796 2069 827 2102 a
880 2053 1095 2119 populo.
1174 2053 1249 2105 sic
1304 2053 1447 2106 enim
1502 2055 1903 2124 excipiebantur

208 2122 266 2172 in
304 2121 516 2175 theatro
556 2124 824 2193 principes
834 2167 846 2193 ,
895 2125 959 2177 de
1008 2126 1200 2194 quibus
1247 2126 1385 2180 bene
1430 2130 1661 2197 populus
1710 2131 1901 2183 sentie-

206 2194 315 2246 bat.
402 2196 502 2249 hos
559 2197 701 2249 enim
755 2199 977 2266 plausus
1029 2201 1423 2269 tergeminos
1477 2202 1754 2256 honores
1810 2204 1900 2257 ait.

141 2285 184 2318 25
382 2271 449 2322 12
506 2270 814 2324 Attalicis
881 2273 1372 2327 condicionibus
1435 2275 1490 2327 id
1552 2280 1660 2329 est:
1737 2278 1899 2348 regiis

207 2343 412 2410 opibus,
561 2342 776 2396 Attalus
847 2349 1027 2398 autem
1096 2365 1190 2399 rex
1256 2347 1714 2418 Pergamenorum
1781 2351 1898 2420 fuit,

209 2417 357 2469 cuius
397 2418 695 2470 hereditate
733 2420 962 2487 populus
995 2419 1270 2473 Romanus
1310 2422 1666 2491 locupletatus
1706 2425 1894 2478 fuerat.

207 2492 290 2543 est
336 2494 516 2544 autem
565 2510 774 2544 sensus:
831 2494 1149 2563 quicumque
1197 2498 1466 2549 consuerit
1513 2516 1702 2568 agrum
1742 2517 1898 2552 suum

325 2641 350 2678 2
384 2636 456 2680 od.
490 2642 532 2692 3,
564 2641 635 2693 30,
672 2642 724 2681 13
847 2643 874 2682 6
907 2653 1041 2683 serm.
1076 2645 1115 2695 2,
1152 2645 1190 2695 1,
1225 2646 1279 2685 29

329 2773 350 2811 1
386 2768 567 2814 aloeum
601 2771 664 2814 M
780 2776 808 2814 4
839 2770 1091 2827 Lu01l,l1um
1126 2774 1189 2817 M
1308 2780 1333 2818 6
1364 2777 1507 2819 ntum
1542 2776 1604 2820 M
1723 2781 1747 2819 7
1779 2777 1897 2822 cele-

206 2825 401 2871 bratur?
569 2834 595 2873 8
627 2829 848 2885 posteris:
880 2833 1112 2887 postenus
1146 2833 1210 2876 M
1371 2839 1397 2877 9
1430 2834 1727 2879 POMPONI·
1758 2835 1896 2880 POR-

206 2884 494 2931 FYRIONIS
527 2887 944 2934 COMMENTUM·
975 2891 1043 2934 IN
1068 2891 1394 2936 HORATIUM
1416 2892 1721 2938 FLAGCUM-
1756 2895 1820 2938 M

210 2947 263 2987 13
296 2957 450 2988 rerum
482 2947 669 2992 addidi:
698 2961 782 2992 om.
817 2949 891 3003 M,
922 2963 1081 2994 eorum
1114 2965 1142 3006 ς
1254 2951 1374 2996 lucri
1406 2967 1434 3008 ς
1565 2957 1619 2996 14
1649 2953 1803 2998 relatu
1837 2953 1901 2997 M

327 3007 381 3046 23
415 3004 652 3050 theatrum
685 3006 750 3051 M
776 3008 833 3062 cf.
866 3013 910 3062 1,
941 3013 1020 3065 20,
1054 3013 1082 3054 5
1204 3014 1260 3053 27
1292 3015 1364 3067 pf.
1399 3011 1462 3055 M
